1799 3251
344 303 429 338 ‘lOO
740 305 773 334 S.
819 304 1061 335 AUGUSTINI
1099 303 1300 335 EPISCOPI

336 383 440 418 esset
464 372 552 417 hoe
578 370 740 416 donum
756 406 765 423 ‚
796 380 842 414 ut
868 387 966 415 eum
992 369 1170 429 abJectis
1196 370 1573 433 superstitionibus
1596 387 1703 431 gen-

336 444 444 488 tium
469 443 539 505 pie
562 440 746 492 coleret3
774 457 860 485 non
884 439 1019 485 solum
1046 440 1291 497 continens,
1327 441 1398 487 sed
1425 442 1552 487 etiam
1579 458 1704 488 vera-

338 515 445 560 citer
467 512 633 575 sapiens
649 522 690 555 et
704 509 934 555 salubriter
950 509 1168 569 religiosus
1184 512 1376 557 existeret
1395 530 1404 556 :
1427 511 1547 576 quod
1566 511 1602 557 ei
1618 528 1706 557 non

337 594 506 629 tantum
527 581 581 626 ad
604 580 829 643 praesentis
852 580 955 625 vitae
977 580 1241 626 honestatem
1260 619 1270 635 ‚
1304 599 1451 628 verum
1484 593 1525 627 et
1549 581 1604 627 ad
1632 581 1707 627 fu-

340 665 448 698 turae
470 649 837 696 immortalitatem
858 650 1028 697 valeret.
1067 651 1244 707 Quanto
1277 653 1418 698 minus
1440 652 1572 712 igitur
1598 650 1709 696 mihi

338 739 535 782 arrogare
566 720 704 765 debeo
730 719 1050 765 conversionem
1081 721 1206 766 istam
1232 732 1414 767 vestram
1433 760 1442 778 ‚
1467 721 1533 767 vel
1554 720 1709 784 populi

338 794 465 840 vestri
481 829 490 845 ‚
508 807 639 854 quam
661 789 790 834 modo
804 790 929 835 nobis
946 791 1174 839 nuntiastis
1193 809 1292 855 quae
1311 810 1380 838 me
1392 809 1469 838 nec
1487 791 1705 854 loquente,

338 882 417 910 nec
442 862 589 907 saltem
625 871 835 923 praesente
851 898 861 916 ‚
899 861 1056 924 procul
1087 861 1224 907 dubio
1249 861 1457 908 divinitus
1476 861 1591 907 facta
1615 871 1706 917 est,

337 935 382 980 in
402 933 562 996 quibus
584 931 793 977 veraciter
818 930 930 976 facta
950 942 1025 977 est.
1059 932 1155 977 Hoc
1184 932 1327 995 itaque
1350 933 1578 995 praecipue
1603 947 1711 990 cog-

338 1004 526 1058 noscite,
566 1001 652 1047 hoc
680 1001 750 1064 pie
782 1000 1094 1064 humiliterque
1126 1002 1327 1062 cogitate.
1370 1005 1461 1048 Deo
1481 1040 1491 1058 ‚
1530 1001 1709 1058 fratres,

339 1077 431 1120 Deo
450 1072 605 1132 gratias
624 1072 759 1131 agite3
785 1071 924 1116 Deum
951 1072 1120 1129 timete,
1145 1090 1196 1117 ne
1217 1072 1451 1126 deficiatis;
1479 1082 1641 1127 amate,
1666 1081 1714 1117 ut

339 1143 597 1208 proficiatis.

404 1215 486 1260 ΙΙΙ.
517 1214 562 1259 Si
593 1223 734 1258 autem
765 1211 912 1257 adhue
939 1212 1151 1276 quosdam
1181 1230 1302 1258 amor
1332 1213 1524 1259 hominis
1543 1211 1714 1257 occulte

340 1295 554 1346 segregat,
573 1295 613 1329 et
631 1284 760 1328 timor
778 1283 967 1328 hominis
983 1283 1193 1328 fallaciter
1210 1294 1465 1343 congregat3
1488 1283 1715 1328 observent

343 1357 419 1421 qui
443 1356 544 1401 tales
559 1365 659 1400 sunt
677 1391 687 1408 ,
712 1354 918 1416 quoniam
939 1355 1079 1398 Deum
1102 1354 1173 1400 cui
1197 1353 1314 1399 nuda
1332 1354 1600 1400 esthuirana
1614 1370 1716 1398 con-

343 1427 544 1481 scientia,
579 1442 657 1471 nec
692 1435 842 1470 testem
877 1423 1064 1479 fallunt,
1097 1442 1175 1470 nec
1211 1423 1405 1484 judicem
1438 1423 1625 1484 fugiunt.
1671 1423 1717 1468 Si

342 1497 450 1562 quid
477 1507 617 1542 autem
643 1495 738 1540 illos
766 1494 818 1540 de
846 1495 1084 1557 quaestione
1118 1495 1252 1557 ipsius
1284 1495 1486 1550 unitatis,
1522 1511 1603 1557 pro
1629 1510 1719 1539 suas·

341 1569 488 1615 salutis
507 1565 796 1613 sollieitudine
817 1575 1066 1628 permovet,
1086 1565 1172 1610 hoc
1185 1566 1267 1611 sibi
1289 1576 1501 1629 quantum
1526 1564 1718 1609 existimo

337 1638 623 1699 justissimum
644 1646 923 1698 extorqueant
943 1672 952 1689 ‚
971 1646 1017 1680 ut
1035 1635 1086 1681 de
1104 1635 1321 1680 catholica
1339 1635 1529 1681 Ecclesia
1545 1672 1555 1691 ‚
1576 1633 1620 1679 id
1637 1643 1716 1688 est,

344 1720 434 1755 toto
454 1708 558 1754 orbe
578 1707 732 1752 diffusa
751 1742 761 1761 ,
787 1706 932 1768 potius
952 1705 997 1750 id
1020 1704 1197 1750 credant
1214 1743 1223 1760 ‚
1241 1704 1360 1768 quod
1385 1705 1547 1750 diviuae
1563 1703 1720 1766 Scrip-

344 1790 455 1825 turae
477 1778 653 1833 dicunt,
678 1792 765 1820 non
786 1774 904 1837 quod
921 1775 1081 1835 linguae
1105 1775 1310 1820 humanae
1338 1774 1618 1820 maledicunt.
1656 1774 1721 1818 De

347 1850 440 1912 ipsa
465 1864 565 1893 vero
597 1845 855 1891 dissensione
873 1882 882 1899 ‚
909 1862 1007 1907 quae
1025 1846 1137 1890 inter
1168 1846 1364 1891 homines
1390 1856 1481 1890 orta
1500 1855 1588 1895 est,
1618 1843 1723 1907 (qui

349 1917 604 1983 qualeslibet
619 1915 795 1969 fuerint,
811 1932 896 1959 nou
913 1916 1062 1977 utique
1083 1915 1370 1978 praejudicant
1384 1914 1606 1978 promissis
1621 1913 1719 1968 Dei,

350 1987 426 2052 qui
461 1987 566 2032 dixit
590 1985 644 2030 ad
690 1984 909 2029 Abraham
941 2001 950 2028 :
980 2006 998 2023 υ
1027 1985 1074 2028 In
1106 1984 1264 2029 semine
1291 1995 1366 2030 tuo
1401 1983 1718 2029 benedicentur

355 2080 374 2098 5>
401 2073 546 2101 omnes
579 2053 745 2114 gentes¹
766 2091 775 2106 ,
810 2075 829 2094 υ
861 2052 976 2116 quod
1017 2053 1229 2099 creditum
1267 2065 1328 2099 est
1363 2071 1462 2099 eum
1502 2053 1724 2099 audiretur

356 2127 645 2190 praedictum,
686 2134 726 2169 et
759 2134 938 2183 negatur
970 2141 1067 2169 cum
1102 2124 1274 2169 videtur
1303 2124 1596 2187 impletum‚)
1637 2123 1724 2169 hoc

355 2209 524 2242 tantum
547 2195 716 2240 interim
733 2194 998 2239 veris-simum
1017 2231 1026 2247 ,
1050 2205 1113 2247 et,
1132 2195 1209 2238 nisi
1230 2194 1372 2250 fallor,
1393 2193 1724 2239 invictissimum

357 2269 572 2326 cogitent,
604 2275 679 2310 aut
712 2275 853 2308 aetam
891 2281 975 2309 esse
1008 2265 1130 2309 istam
1165 2282 1340 2310 causam
1370 2265 1412 2309 in
1438 2263 1725 2309 eeclesiastico

359 2336 643 2385 transmarino
661 2334 830 2394 J'udicio
850 2371 859 2381 .
883 2345 954 2379 aut
976 2352 1059 2379 non
1079 2352 1164 2380 esse
1185 2347 1340 2380 actam.
1367 2336 1408 2380 Si
1440 2345 1532 2380 acta
1550 2334 1614 2379 ibi
1639 2350 1726 2379 non

355 2423 417 2457 est
433 2448 443 2465 ‚
468 2409 672 2453 innocens
695 2416 755 2450 est
777 2406 939 2451 Christi
958 2406 1134 2451 societas
1151 2424 1228 2468 per
1253 2424 1398 2450 omnes
1422 2404 1728 2450 transmarinas

356 2492 499 2542 gentes
522 2515 531 2533 ‚
558 2480 681 2535 cujus
711 2475 924 2520 societatis
947 2493 1024 2520 nos
1054 2476 1360 2521 communione
1392 2474 1653 2535 gaudemus,
1685 2484 1728 2518 et

352 2552 449 2599 ideo
475 2547 602 2595 abeis
626 2546 930 2591 innocentibus
951 2546 1097 2609 utique
1122 2546 1324 2605 sacrilega
1343 2545 1633 2608 diremptione
1658 2560 1728 2590 se-

400 2637 409 2656 ¹
431 2636 511 2664 Ceu.
527 2640 614 2667 xxm,
637 2634 666 2664 4.
