1799 3251
340 280 434 340 420
763 294 798 328 s,
841 291 1085 328 Ateusrm
1122 292 1324 326 Episcopi

343 379 432 410 non
469 380 511 409 se
545 360 694 409 dixisse
713 399 723 418 ,
753 382 772 403 α
798 361 1014 419 Quoniam
1046 361 1291 407 inveniatur
1319 358 1414 423 quis
1446 356 1501 406 ab
1529 356 1711 407 infantia

343 450 480 497 usque
498 433 550 480 ad
570 443 830 479 senectutem
851 469 861 489 ‚
889 433 965 496 qui
990 450 1077 478 non
1104 431 1379 495 peccaverim
1409 430 1480 477 sed
1500 432 1708 494 quoniam

341 522 364 550 a
385 504 576 567 peccatis
593 519 824 549 conversus
849 502 998 548 labore
1024 502 1206 565 proprio
1223 537 1233 557 ‚
1256 511 1296 546 et
1321 501 1455 561 gratia
1476 500 1555 545 Dei
1579 500 1709 560 adju-

338 583 407 619 tus
428 584 569 637 potest
587 574 749 636 absque
781 583 961 636 peccato
991 589 1092 618 esse.
1117 594 1134 611 »
1168 573 1280 616 Cum
1315 571 1426 616 enim
1450 570 1590 626 dicit,
1622 591 1642 611 «
1672 573 1706 616 A

333 646 525 707 peccatis
546 661 778 690 conversus
795 680 805 699 ,
829 664 850 684 »
871 642 1060 688 ostendit
1085 643 1272 706 priorem
1300 641 1432 686 vitam
1457 641 1499 686 in
1515 641 1707 704 peccatis

335 716 416 773 agi.
458 716 659 759 Fateatur
693 730 792 772 ergo
817 714 937 777 quod
969 712 1215 776 peccaverit
1242 710 1377 764 Abel,
1413 714 1536 771 cujus
1561 711 1705 774 prima

331 785 417 829 vita
445 784 591 830 fuitin
617 785 776 829 saeculo
793 822 802 839 ,
828 801 958 846 quam
984 783 1142 828 fatetur
1161 800 1245 827 non
1270 798 1412 827 carere
1431 781 1637 844 peccatis‚
1663 791 1703 826 et

330 854 534 917 respiciat
558 854 721 898 librum
748 871 874 899 suum
895 890 904 908 ,
940 854 1015 898 ubi
1048 870 1143 898 eum
1173 852 1324 897 dixisse
1355 861 1551 898 constat.
1583 849 1700 912 quod

326 924 384 968 ait
410 925 454 969 in
478 924 562 969 hae
582 923 829 969 defensione
849 961 859 979 ,
899 945 919 964 (ε
941 924 1038 968 Non
1064 923 1264 968 diximus.
1284 943 1302 961 »

391 996 446 1040 X.
486 996 529 1039 Si
561 1005 703 1039 autem
734 1004 774 1039 et
810 994 932 1039 hunc
960 993 1123 1039 librum
1149 1031 1158 1050 ,
1201 992 1265 1038 vel
1298 992 1420 1036 hunc
1445 991 1488 1036 in
1509 1008 1557 1036 eo
1585 990 1698 1036 libro

325 1064 470 1110 locum
497 1081 584 1109 esse
616 1064 834 1123 negaverit
861 1081 984 1109 suum
1008 1084 1018 1117 3
1059 1082 1135 1123 ego
1163 1062 1338 1126 quidem
1369 1061 1547 1106 idoneos
1578 1073 1698 1106 testes

325 1134 468 1179 habeo
492 1134 694 1179 honestos
712 1143 752 1178 et
772 1133 920 1179 fideles
943 1134 1056 1178 viros
1074 1145 1113 1179 et
1141 1138 1230 1193 ojus
1250 1134 1338 1178 sine
1357 1131 1494 1176 dubio
1520 1131 1698 1176 dilecto-

320 1220 412 1253 res,
451 1204 612 1267 quibus
664 1204 965 1249 attestantibus
1002 1221 1189 1266 purgare
1231 1221 1297 1248 me
1331 1218 1532 1265 possum,
1576 1202 1693 1264 qnod

322 1273 522 1319 eumdem
553 1274 716 1319 librum
736 1274 820 1336 ipsi
842 1275 951 1319 mibi
977 1274 1175 1320 dederint
1195 1311 1204 1327 ,
1234 1285 1275 1319 et
1293 1272 1370 1318 tibi
1392 1272 1477 1316 hoc
1498 1271 1662 1331 legatur
1681 1309 1691 1323 ,

319 1360 507 1407 eumque
530 1344 692 1403 Pelagii
715 1361 800 1389 esse
821 1343 1032 1393 dixerint,
1062 1355 1110 1389 ut
1134 1343 1280 1389 saltem
1317 1343 1402 1388 hoc
1431 1342 1538 1386 1111111
1573 1342 1693 1386 suffi-

316 1414 405 1458 ciat
425 1451 436 1463 ,
463 1431 516 1459 ne
542 1413 661 1458 dicat
683 1431 704 1458 a
724 1431 790 1458 me
816 1413 944 1459 fuisse
975 1415 1062 1459 sive
1087 1415 1384 1476 conscriptum
1411 1449 1421 1463 ,
1459 1412 1545 1457 sive
1567 1411 1691 1457 falsa-

313 1493 421 1528 tum.
443 1484 540 1528 Jam
570 1484 679 1528 inter
705 1483 798 1528 illos
829 1484 961 1543 eligat
991 1485 1175 1547 quisque
1195 1522 1205 1537 ‚
1243 1485 1314 1529 cui
1335 1482 1512 1536 credat3
1547 1499 1690 1528 meum

310 1564 475 1598 nonest
503 1553 556 1598 de
587 1554 671 1599 hac
704 1571 748 1599 re
779 1554 944 1600 diutius
983 1555 1219 1618 disputare.
1248 1556 1471 1613 Rogamus
1498 1564 1544 1598 ut
1576 1563 1690 1599 certe

315 1623 579 1668 transmittas
606 1624 711 1687 ipsi,
749 1625 781 1669 si
820 1626 1038 1684 negaverit
1076 1642 1118 1670 se
1152 1626 1230 1670 ista
1269 1623 1449 1680 sentire,
1487 1640 1587 1686 quae
1626 1623 1688 1669 illi

312 1692 584 1752 objiciuntur
607 1694 784 1739 inimica
809 1696 960 1754 gratiae
991 1695 1170 1740 Christi.
1210 1696 1318 1740 Tam
1348 1694 1515 1757 quippe
1537 1705 1686 1758 operta

310 1774 372 1808 est
390 1767 479 1822 eJus
504 1763 712 1814 defensio,
739 1774 786 1809 ut
805 1765 839 1809 si
866 1776 1043 1810 vestram
1070 1777 1261 1811 sanctam
1287 1764 1561 1828 prudentiam
1579 1802 1590 1821 ,
1611 1765 1685 1827 qui

307 1836 400 1891 eJus
418 1833 498 1878 alia
524 1834 688 1896 scripta
714 1851 800 1879 non
826 1836 976 1890 nostis,
1006 1835 1124 1880 nulla
1148 1836 1379 1880 verborum
1403 1834 1686 1894 ambiguitate

306 1900 532 1958 fefellerit,
561 1919 715 1962 magno
741 1904 898 1963 gaudio
923 1904 1263 1963 gratulabimur.
1288 1922 1374 1949 non
1397 1904 1577 1949 multum
1604 1921 1681 1950 cu-

308 1982 470 2026 rantes,
507 1983 650 2016 utrum
681 1972 751 2017 illa
783 1990 983 2036 perversa
1004 1984 1044 2018 et
1063 1975 1198 2037 impia
1225 1991 1447 2037 nunquam
1475 1975 1677 2032 senserit,

311 2057 364 2086 an
383 2059 424 2088 se
448 2042 503 2088 ab
526 2044 585 2089 eis
605 2042 841 2105 aliquando
865 2045 1109 2089 correxerit.
