<?xml version="1.0" encoding="UTF-8"?>
<!DOCTYPE html PUBLIC "-//W3C//DTD XHTML 1.0 Transitional//EN"
    "http://www.w3.org/TR/xhtml1/DTD/xhtml1-transitional.dtd">
<html xmlns="http://www.w3.org/1999/xhtml" xml:lang="en" lang="en">
 <head>
  <title>
</title>
<meta http-equiv="Content-Type" content="text/html;charset=utf-8" />
  <meta name='ocr-system' content='tesseract 3.04.00' />
  <meta name='ocr-capabilities' content='ocr_page ocr_carea ocr_par ocr_line ocrx_word'/>
</head>
<body>
  <div class='ocr_page' id='page_1' title='image "./operaomniaaccura40auguuoft/operaomniaaccura40auguuoft_0335.png"; bbox 0 0 1799 3251; ppageno 0'>
   <div class='ocr_carea' id='block_1_1' title="bbox 615 271 1496 317">
    <p class='ocr_par' dir='ltr' id='par_1_1' title="bbox 615 271 1496 317">
     <span class='ocr_line' id='line_1_1' title="bbox 615 271 1496 317; baseline -0.002 0"><span class='ocrx_word' id='word_1_1' title='bbox 615 285 827 317; x_wconf 67' lang='lat' dir='ltr'><strong>EPISTOLA</strong></span> <span class='ocrx_word' id='word_1_2' title='bbox 863 285 1005 316; x_wconf 73' lang='lat' dir='ltr'>ctxvi.</span> <span class='ocrx_word' id='word_1_3' title='bbox 1405 271 1496 316; x_wconf 78' lang='lat'>325</span> 
     </span>
    </p>
   </div>
   <div class='ocr_carea' id='block_1_2' title="bbox 112 350 1501 2594">
    <p class='ocr_par' dir='ltr' id='par_1_2' title="bbox 115 350 1501 2027">
     <span class='ocr_line' id='line_1_2' title="bbox 127 350 1493 408; baseline -0.003 -9"><span class='ocrx_word' id='word_1_4' title='bbox 127 370 149 399; x_wconf 86' lang='lat' dir='ltr'>a</span> <span class='ocrx_word' id='word_1_5' title='bbox 174 353 260 399; x_wconf 87' lang='lat' dir='ltr'>vita</span> <span class='ocrx_word' id='word_1_6' title='bbox 289 353 391 408; x_wconf 75' lang='lat' dir='ltr'>Dei,</span> <span class='ocrx_word' id='word_1_7' title='bbox 430 364 477 399; x_wconf 91' lang='lat' dir='ltr'>ut</span> <span class='ocrx_word' id='word_1_8' title='bbox 502 363 644 398; x_wconf 83' lang='lat' dir='ltr'>tamen</span> <span class='ocrx_word' id='word_1_9' title='bbox 679 353 723 397; x_wconf 87' lang='lat' dir='ltr'>in</span> <span class='ocrx_word' id='word_1_10' title='bbox 748 361 901 397; x_wconf 83' lang='lat' dir='ltr'>natura</span> <span class='ocrx_word' id='word_1_11' title='bbox 933 368 1007 397; x_wconf 80' lang='lat' dir='ltr'>sua</span> <span class='ocrx_word' id='word_1_12' title='bbox 1042 351 1184 397; x_wconf 87' lang='lat' dir='ltr'>vivere</span> <span class='ocrx_word' id='word_1_13' title='bbox 1210 368 1296 396; x_wconf 92' lang='lat' dir='ltr'>non</span> <span class='ocrx_word' id='word_1_14' title='bbox 1316 350 1493 396; x_wconf 86' lang='lat' dir='ltr'>omnino</span> 
     </span>
     <span class='ocr_line' id='line_1_3' title="bbox 125 421 1496 485; baseline -0.002 -16"><span class='ocrx_word' id='word_1_15' title='bbox 125 423 328 469; x_wconf 78' lang='lat' dir='ltr'>desistat:</span> <span class='ocrx_word' id='word_1_16' title='bbox 353 425 410 469; x_wconf 81' lang='lat' dir='ltr'>ita</span> <span class='ocrx_word' id='word_1_17' title='bbox 433 423 624 469; x_wconf 86' lang='lat' dir='ltr'>mortalis</span> <span class='ocrx_word' id='word_1_18' title='bbox 647 440 694 468; x_wconf 81' lang='lat' dir='ltr'>ex</span> <span class='ocrx_word' id='word_1_19' title='bbox 721 422 863 485; x_wconf 82' lang='lat' dir='ltr'>aliqua</span> <span class='ocrx_word' id='word_1_20' title='bbox 879 437 1007 467; x_wconf 85' lang='lat' dir='ltr'>causa</span> <span class='ocrx_word' id='word_1_21' title='bbox 1032 422 1268 477; x_wconf 89' lang='lat' dir='ltr'>invenitur,</span> <span class='ocrx_word' id='word_1_22' title='bbox 1295 432 1344 467; x_wconf 90' lang='lat' dir='ltr'>ut</span> <span class='ocrx_word' id='word_1_23' title='bbox 1366 421 1496 467; x_wconf 85' lang='lat' dir='ltr'>etiam</span> 
     </span>
     <span class='ocr_line' id='line_1_4' title="bbox 124 491 1492 555; baseline -0.002 -16"><span class='ocrx_word' id='word_1_24' title='bbox 124 493 379 539; x_wconf 85' lang='lat' dir='ltr'>immortalis</span> <span class='ocrx_word' id='word_1_25' title='bbox 401 511 487 539; x_wconf 90' lang='lat' dir='ltr'>non</span> <span class='ocrx_word' id='word_1_26' title='bbox 515 494 604 539; x_wconf 88' lang='lat' dir='ltr'>sine</span> <span class='ocrx_word' id='word_1_27' title='bbox 627 494 791 539; x_wconf 80' lang='lat' dir='ltr'>ratione</span> <span class='ocrx_word' id='word_1_28' title='bbox 813 492 1000 539; x_wconf 79' lang='lat' dir='ltr'>dicatur.</span> <span class='ocrx_word' id='word_1_29' title='bbox 1036 493 1134 538; x_wconf 91' lang='lat' dir='ltr'>Non</span> <span class='ocrx_word' id='word_1_30' title='bbox 1163 503 1225 538; x_wconf 88' lang='lat' dir='ltr'>est</span> <span class='ocrx_word' id='word_1_31' title='bbox 1250 509 1352 555; x_wconf 80' lang='lat' dir='ltr'>pars</span> <span class='ocrx_word' id='word_1_32' title='bbox 1386 491 1492 547; x_wconf 82' lang='lat' dir='ltr'>Dei,</span> 
     </span>
     <span class='ocr_line' id='line_1_5' title="bbox 125 561 1498 619; baseline -0.001 -10"><span class='ocrx_word' id='word_1_33' title='bbox 125 564 280 611; x_wconf 82' lang='lat' dir='ltr'>anima.</span> <span class='ocrx_word' id='word_1_34' title='bbox 323 565 367 610; x_wconf 82' lang='lat' dir='ltr'>Si</span> <span class='ocrx_word' id='word_1_35' title='bbox 397 565 511 609; x_wconf 86' lang='lat' dir='ltr'>enirn</span> <span class='ocrx_word' id='word_1_36' title='bbox 538 565 624 609; x_wconf 86' lang='lat' dir='ltr'>hoc</span> <span class='ocrx_word' id='word_1_37' title='bbox 655 575 788 619; x_wconf 85' lang='lat' dir='ltr'>esset,</span> <span class='ocrx_word' id='word_1_38' title='bbox 824 563 941 608; x_wconf 89' lang='lat' dir='ltr'>omni</span> <span class='ocrx_word' id='word_1_39' title='bbox 963 562 1093 609; x_wconf 92' lang='lat' dir='ltr'>modo</span> <span class='ocrx_word' id='word_1_40' title='bbox 1124 561 1498 608; x_wconf 83' lang='lat' dir='ltr'>incommutabilis</span> 
     </span>
     <span class='ocr_line' id='line_1_6' title="bbox 125 632 1498 698; baseline -0.002 -19"><span class='ocrx_word' id='word_1_41' title='bbox 125 645 254 697; x_wconf 89' lang='lat' dir='ltr'>atque</span> <span class='ocrx_word' id='word_1_42' title='bbox 275 634 623 698; x_wconf 89' lang='lat' dir='ltr'>incorruptibilis</span> <span class='ocrx_word' id='word_1_43' title='bbox 645 644 763 680; x_wconf 90' lang='lat' dir='ltr'>esset.</span> <span class='ocrx_word' id='word_1_44' title='bbox 798 633 928 689; x_wconf 85' lang='lat' dir='ltr'>Quod</span> <span class='ocrx_word' id='word_1_45' title='bbox 968 634 1001 678; x_wconf 91' lang='lat' dir='ltr'>si</span> <span class='ocrx_word' id='word_1_46' title='bbox 1027 644 1158 688; x_wconf 86' lang='lat' dir='ltr'>esset,</span> <span class='ocrx_word' id='word_1_47' title='bbox 1191 650 1270 678; x_wconf 86' lang='lat' dir='ltr'>nec</span> <span class='ocrx_word' id='word_1_48' title='bbox 1295 632 1498 678; x_wconf 88' lang='lat' dir='ltr'>deficeret</span> 
     </span>
     <span class='ocr_line' id='line_1_7' title="bbox 122 702 1500 768; baseline -0.001 -19"><span class='ocrx_word' id='word_1_49' title='bbox 122 704 168 750; x_wconf 91' lang='lat' dir='ltr'>in</span> <span class='ocrx_word' id='word_1_50' title='bbox 192 704 378 750; x_wconf 87' lang='lat' dir='ltr'>deterius</span> <span class='ocrx_word' id='word_1_51' title='bbox 396 742 406 760; x_wconf 88' lang='lat'><strong><em>‚</em></strong></span> <span class='ocrx_word' id='word_1_52' title='bbox 434 723 513 751; x_wconf 86' lang='lat' dir='ltr'>nec</span> <span class='ocrx_word' id='word_1_53' title='bbox 545 705 774 768; x_wconf 83' lang='lat' dir='ltr'><strong>proficeret</strong></span> <span class='ocrx_word' id='word_1_54' title='bbox 796 703 841 749; x_wconf 88' lang='lat' dir='ltr'>in</span> <span class='ocrx_word' id='word_1_55' title='bbox 873 703 1051 759; x_wconf 81' lang='lat' dir='ltr'>melius3</span> <span class='ocrx_word' id='word_1_56' title='bbox 1084 720 1162 748; x_wconf 86' lang='lat' dir='ltr'>nec</span> <span class='ocrx_word' id='word_1_57' title='bbox 1190 702 1352 765; x_wconf 78' lang='lat' dir='ltr'>aliquid</span> <span class='ocrx_word' id='word_1_58' title='bbox 1374 703 1418 747; x_wconf 89' lang='lat' dir='ltr'>in</span> <span class='ocrx_word' id='word_1_59' title='bbox 1435 719 1500 747; x_wconf 90' lang='lat' dir='ltr'>se-</span> 
     </span>
     <span class='ocr_line' id='line_1_8' title="bbox 123 771 1500 838; baseline -0.003 -18"><span class='ocrx_word' id='word_1_60' title='bbox 123 775 309 837; x_wconf 84' lang='lat' dir='ltr'>metipsa</span> <span class='ocrx_word' id='word_1_61' title='bbox 329 774 397 820; x_wconf 78' lang='lat' dir='ltr'>vel</span> <span class='ocrx_word' id='word_1_62' title='bbox 417 775 628 838; x_wconf 84' lang='lat' dir='ltr'>inciperet</span> <span class='ocrx_word' id='word_1_63' title='bbox 647 774 809 819; x_wconf 84' lang='lat' dir='ltr'>habere</span> <span class='ocrx_word' id='word_1_64' title='bbox 827 772 946 836; x_wconf 89' lang='lat' dir='ltr'>quod</span> <span class='ocrx_word' id='word_1_65' title='bbox 971 790 1058 818; x_wconf 92' lang='lat' dir='ltr'>non</span> <span class='ocrx_word' id='word_1_66' title='bbox 1084 773 1276 818; x_wconf 81' lang='lat' dir='ltr'>habebat</span> <span class='ocrx_word' id='word_1_67' title='bbox 1295 809 1305 827; x_wconf 83' lang='lat'>‚</span> <span class='ocrx_word' id='word_1_68' title='bbox 1330 771 1396 817; x_wconf 83' lang='lat' dir='ltr'>vel</span> <span class='ocrx_word' id='word_1_69' title='bbox 1421 771 1500 817; x_wconf 89' lang='lat' dir='ltr'>de-</span> 
     </span>
     <span class='ocr_line' id='line_1_9' title="bbox 122 842 1500 908; baseline -0.002 -18"><span class='ocrx_word' id='word_1_70' title='bbox 122 845 276 890; x_wconf 84' lang='lat' dir='ltr'>sineret</span> <span class='ocrx_word' id='word_1_71' title='bbox 309 845 470 891; x_wconf 86' lang='lat' dir='ltr'>habere</span> <span class='ocrx_word' id='word_1_72' title='bbox 503 846 623 908; x_wconf 90' lang='lat' dir='ltr'>quod</span> <span class='ocrx_word' id='word_1_73' title='bbox 658 845 878 897; x_wconf 84' lang='lat' dir='ltr'>habebat,</span> <span class='ocrx_word' id='word_1_74' title='bbox 916 854 1132 907; x_wconf 82' lang='lat' dir='ltr'>quantum</span> <span class='ocrx_word' id='word_1_75' title='bbox 1168 843 1223 889; x_wconf 81' lang='lat' dir='ltr'>ad</span> <span class='ocrx_word' id='word_1_76' title='bbox 1251 846 1342 902; x_wconf 76' lang='lat' dir='ltr'>ejus</span> <span class='ocrx_word' id='word_1_77' title='bbox 1365 842 1500 905; x_wconf 82' lang='lat' dir='ltr'>ipsius</span> 
     </span>
     <span class='ocr_line' id='line_1_10' title="bbox 123 913 1501 979; baseline -0.003 -19"><span class='ocrx_word' id='word_1_78' title='bbox 123 916 366 961; x_wconf 85' lang='lat' dir='ltr'>affectiones</span> <span class='ocrx_word' id='word_1_79' title='bbox 388 916 588 979; x_wconf 85' lang='lat' dir='ltr'>pertinet.</span> <span class='ocrx_word' id='word_1_80' title='bbox 627 916 768 971; x_wconf 75' lang='lat' dir='ltr'>Quam</span> <span class='ocrx_word' id='word_1_81' title='bbox 806 931 906 960; x_wconf 85' lang='lat' dir='ltr'>vero</span> <span class='ocrx_word' id='word_1_82' title='bbox 933 914 1054 959; x_wconf 81' lang='lat' dir='ltr'>aliter</span> <span class='ocrx_word' id='word_1_83' title='bbox 1087 931 1128 960; x_wconf 90' lang='lat' dir='ltr'>se</span> <span class='ocrx_word' id='word_1_84' title='bbox 1171 913 1333 958; x_wconf 80' lang='lat' dir='ltr'>habeat</span> <span class='ocrx_word' id='word_1_85' title='bbox 1359 949 1370 968; x_wconf 87' lang='lat'>‚</span> <span class='ocrx_word' id='word_1_86' title='bbox 1410 929 1501 957; x_wconf 88' lang='lat' dir='ltr'>non</span> 
     </span>
     <span class='ocr_line' id='line_1_11' title="bbox 122 982 1501 1048; baseline -0.002 -17"><span class='ocrx_word' id='word_1_87' title='bbox 122 1001 232 1048; x_wconf 88' lang='lat' dir='ltr'>opus</span> <span class='ocrx_word' id='word_1_88' title='bbox 252 996 314 1030; x_wconf 88' lang='lat' dir='ltr'>est</span> <span class='ocrx_word' id='word_1_89' title='bbox 333 986 590 1031; x_wconf 87' lang='lat' dir='ltr'>extrinsecus</span> <span class='ocrx_word' id='word_1_90' title='bbox 605 985 878 1038; x_wconf 78' lang='lat' dir='ltr'>testimoni03</span> <span class='ocrx_word' id='word_1_91' title='bbox 899 984 1095 1048; x_wconf 81' lang='lat' dir='ltr'>quisquis</span> <span class='ocrx_word' id='word_1_92' title='bbox 1119 1001 1161 1029; x_wconf 86' lang='lat' dir='ltr'>se</span> <span class='ocrx_word' id='word_1_93' title='bbox 1180 984 1323 1046; x_wconf 88' lang='lat' dir='ltr'>ipsum</span> <span class='ocrx_word' id='word_1_94' title='bbox 1342 982 1501 1028; x_wconf 83' lang='lat' dir='ltr'>adver-</span> 
     </span>
     <span class='ocr_line' id='line_1_12' title="bbox 121 1052 1497 1116; baseline -0.004 -15"><span class='ocrx_word' id='word_1_95' title='bbox 121 1056 173 1101; x_wconf 78' lang='lat' dir='ltr'>tit</span> <span class='ocrx_word' id='word_1_96' title='bbox 190 1094 200 1114; x_wconf 83' lang='lat'><strong><em>‚</em></strong></span> <span class='ocrx_word' id='word_1_97' title='bbox 221 1056 424 1115; x_wconf 81' lang='lat' dir='ltr'>agnoscit.</span> <span class='ocrx_word' id='word_1_98' title='bbox 457 1056 631 1101; x_wconf 83' lang='lat' dir='ltr'>Frustra</span> <span class='ocrx_word' id='word_1_99' title='bbox 653 1066 795 1101; x_wconf 86' lang='lat' dir='ltr'>autem</span> <span class='ocrx_word' id='word_1_100' title='bbox 821 1055 983 1100; x_wconf 84' lang='lat' dir='ltr'>dicitur</span> <span class='ocrx_word' id='word_1_101' title='bbox 1007 1055 1063 1100; x_wconf 84' lang='lat' dir='ltr'>ab</span> <span class='ocrx_word' id='word_1_102' title='bbox 1082 1054 1159 1110; x_wconf 78' lang='lat' dir='ltr'>eis,</span> <span class='ocrx_word' id='word_1_103' title='bbox 1184 1052 1281 1116; x_wconf 70' lang='lat' dir='ltr'>qui1</span> <span class='ocrx_word' id='word_1_104' title='bbox 1309 1052 1497 1097; x_wconf 82' lang='lat' dir='ltr'>animam</span> 
     </span>
     <span class='ocr_line' id='line_1_13' title="bbox 122 1121 1499 1189; baseline -0.004 -18"><span class='ocrx_word' id='word_1_105' title='bbox 122 1126 201 1171; x_wconf 91' lang='lat' dir='ltr'>Dei</span> <span class='ocrx_word' id='word_1_106' title='bbox 228 1136 397 1189; x_wconf 87' lang='lat' dir='ltr'>partem</span> <span class='ocrx_word' id='word_1_107' title='bbox 418 1142 505 1171; x_wconf 87' lang='lat' dir='ltr'>esse</span> <span class='ocrx_word' id='word_1_108' title='bbox 529 1125 714 1180; x_wconf 84' lang='lat' dir='ltr'>volunt,</span> <span class='ocrx_word' id='word_1_109' title='bbox 754 1125 870 1170; x_wconf 82' lang='lat' dir='ltr'>hanc</span> <span class='ocrx_word' id='word_1_110' title='bbox 897 1128 988 1183; x_wconf 89' lang='lat' dir='ltr'>ejus</span> <span class='ocrx_word' id='word_1_111' title='bbox 1021 1124 1165 1169; x_wconf 82' lang='lat' dir='ltr'>labem</span> <span class='ocrx_word' id='word_1_112' title='bbox 1185 1140 1234 1168; x_wconf 83' lang='lat' dir='ltr'>ac</span> <span class='ocrx_word' id='word_1_113' title='bbox 1260 1121 1499 1185; x_wconf 87' lang='lat' dir='ltr'>turpitudi—</span> 
     </span>
     <span class='ocr_line' id='line_1_14' title="bbox 121 1191 1498 1258; baseline -0.003 -17"><span class='ocrx_word' id='word_1_114' title='bbox 121 1213 218 1241; x_wconf 87' lang='lat' dir='ltr'>nem</span> <span class='ocrx_word' id='word_1_115' title='bbox 241 1233 251 1249; x_wconf 88' lang='lat'><strong>‚</strong></span> <span class='ocrx_word' id='word_1_116' title='bbox 281 1212 413 1258; x_wconf 84' lang='lat' dir='ltr'>quam</span> <span class='ocrx_word' id='word_1_117' title='bbox 441 1195 638 1240; x_wconf 91' lang='lat' dir='ltr'>videmus</span> <span class='ocrx_word' id='word_1_118' title='bbox 678 1195 721 1239; x_wconf 94' lang='lat' dir='ltr'>in</span> <span class='ocrx_word' id='word_1_119' title='bbox 753 1194 1025 1257; x_wconf 87' lang='lat' dir='ltr'>nequissimis</span> <span class='ocrx_word' id='word_1_120' title='bbox 1059 1193 1340 1248; x_wconf 84' lang='lat' dir='ltr'>hominibus,</span> <span class='ocrx_word' id='word_1_121' title='bbox 1381 1191 1498 1237; x_wconf 87' lang='lat' dir='ltr'>hane</span> 
     </span>
     <span class='ocr_line' id='line_1_15' title="bbox 121 1263 1498 1329; baseline -0.003 -18"><span class='ocrx_word' id='word_1_122' title='bbox 121 1266 308 1329; x_wconf 91' lang='lat' dir='ltr'>denique</span> <span class='ocrx_word' id='word_1_123' title='bbox 330 1265 628 1311; x_wconf 80' lang='lat' dir='ltr'>infirmitatem</span> <span class='ocrx_word' id='word_1_124' title='bbox 653 1277 693 1310; x_wconf 89' lang='lat' dir='ltr'>et</span> <span class='ocrx_word' id='word_1_125' title='bbox 714 1265 1018 1324; x_wconf 84' lang='lat' dir='ltr'>aegritudinem</span> <span class='ocrx_word' id='word_1_126' title='bbox 1036 1302 1045 1320; x_wconf 91' lang='lat'><strong>‚</strong></span> <span class='ocrx_word' id='word_1_127' title='bbox 1070 1281 1201 1328; x_wconf 84' lang='lat' dir='ltr'>quam</span> <span class='ocrx_word' id='word_1_128' title='bbox 1226 1263 1430 1308; x_wconf 87' lang='lat' dir='ltr'>sentimus</span> <span class='ocrx_word' id='word_1_129' title='bbox 1452 1263 1498 1307; x_wconf 88' lang='lat' dir='ltr'>in</span> 
     </span>
     <span class='ocr_line' id='line_1_16' title="bbox 120 1334 1492 1398; baseline -0.001 -18"><span class='ocrx_word' id='word_1_130' title='bbox 120 1336 325 1381; x_wconf 88' lang='lat' dir='ltr'>omnibus</span> <span class='ocrx_word' id='word_1_131' title='bbox 349 1335 622 1391; x_wconf 76' lang='lat' dir='ltr'>hominibus,</span> <span class='ocrx_word' id='word_1_132' title='bbox 640 1352 728 1380; x_wconf 89' lang='lat' dir='ltr'>non</span> <span class='ocrx_word' id='word_1_133' title='bbox 748 1352 793 1380; x_wconf 85' lang='lat' dir='ltr'>ex</span> <span class='ocrx_word' id='word_1_134' title='bbox 810 1336 903 1398; x_wconf 80' lang='lat' dir='ltr'>ipsa</span> <span class='ocrx_word' id='word_1_135' title='bbox 927 1335 988 1380; x_wconf 87' lang='lat' dir='ltr'>illi</span> <span class='ocrx_word' id='word_1_136' title='bbox 1006 1352 1112 1391; x_wconf 88' lang='lat' dir='ltr'>esse,</span> <span class='ocrx_word' id='word_1_137' title='bbox 1138 1334 1209 1380; x_wconf 87' lang='lat' dir='ltr'>sed</span> <span class='ocrx_word' id='word_1_138' title='bbox 1231 1351 1278 1379; x_wconf 76' lang='lat' dir='ltr'>ex</span> <span class='ocrx_word' id='word_1_139' title='bbox 1296 1349 1492 1396; x_wconf 87' lang='lat' dir='ltr'>corpore.</span> 
     </span>
     <span class='ocr_line' id='line_1_17' title="bbox 121 1401 1495 1468; baseline -0.003 -17"><span class='ocrx_word' id='word_1_140' title='bbox 121 1406 240 1462; x_wconf 86' lang='lat' dir='ltr'>Quid</span> <span class='ocrx_word' id='word_1_141' title='bbox 264 1406 440 1451; x_wconf 89' lang='lat' dir='ltr'>interest</span> <span class='ocrx_word' id='word_1_142' title='bbox 460 1404 573 1450; x_wconf 89' lang='lat' dir='ltr'>unde</span> <span class='ocrx_word' id='word_1_143' title='bbox 588 1415 783 1464; x_wconf 61' lang='lat' dir='ltr'>aegrotet,</span> <span class='ocrx_word' id='word_1_144' title='bbox 801 1422 902 1468; x_wconf 85' lang='lat' dir='ltr'>quae</span> <span class='ocrx_word' id='word_1_145' title='bbox 923 1405 957 1449; x_wconf 91' lang='lat' dir='ltr'>si</span> <span class='ocrx_word' id='word_1_146' title='bbox 979 1415 1085 1449; x_wconf 82' lang='lat' dir='ltr'>esset</span> <span class='ocrx_word' id='word_1_147' title='bbox 1101 1401 1495 1457; x_wconf 83' lang='lat' dir='ltr'>incommutabilis,</span> 
     </span>
     <span class='ocr_line' id='line_1_18' title="bbox 119 1473 1497 1538; baseline -0.004 -16"><span class='ocrx_word' id='word_1_148' title='bbox 119 1475 343 1522; x_wconf 84' lang='lat' dir='ltr'>undelibet</span> <span class='ocrx_word' id='word_1_149' title='bbox 366 1486 575 1535; x_wconf 79' lang='lat' dir='ltr'>aegrotare</span> <span class='ocrx_word' id='word_1_150' title='bbox 597 1492 684 1520; x_wconf 90' lang='lat' dir='ltr'>non</span> <span class='ocrx_word' id='word_1_151' title='bbox 714 1478 892 1538; x_wconf 66' lang='lat' dir='ltr'>posset?</span> <span class='ocrx_word' id='word_1_152' title='bbox 918 1476 1029 1520; x_wconf 81' lang='lat' dir='ltr'>Nam</span> <span class='ocrx_word' id='word_1_153' title='bbox 1058 1473 1176 1538; x_wconf 89' lang='lat' dir='ltr'>quod</span> <span class='ocrx_word' id='word_1_154' title='bbox 1207 1490 1303 1519; x_wconf 87' lang='lat' dir='ltr'>vere</span> <span class='ocrx_word' id='word_1_155' title='bbox 1332 1473 1497 1518; x_wconf 79' lang='lat' dir='ltr'>incom-</span> 
     </span>
     <span class='ocr_line' id='line_1_19' title="bbox 119 1544 1497 1608; baseline -0.002 -17"><span class='ocrx_word' id='word_1_156' title='bbox 119 1545 331 1592; x_wconf 80' lang='lat' dir='ltr'>mutabile</span> <span class='ocrx_word' id='word_1_157' title='bbox 344 1560 385 1590; x_wconf 85' lang='lat' dir='ltr'>et</span> <span class='ocrx_word' id='word_1_158' title='bbox 401 1545 735 1608; x_wconf 84' lang='lat' dir='ltr'>incorruptibile</span> <span class='ocrx_word' id='word_1_159' title='bbox 749 1556 827 1598; x_wconf 84' lang='lat' dir='ltr'>est,</span> <span class='ocrx_word' id='word_1_160' title='bbox 844 1544 1004 1590; x_wconf 88' lang='lat' dir='ltr'>nullius</span> <span class='ocrx_word' id='word_1_161' title='bbox 1017 1545 1075 1590; x_wconf 83' lang='lat' dir='ltr'>rei</span> <span class='ocrx_word' id='word_1_162' title='bbox 1097 1560 1268 1590; x_wconf 83' lang='lat' dir='ltr'>accessu</span> <span class='ocrx_word' id='word_1_163' title='bbox 1293 1559 1497 1589; x_wconf 90' lang='lat' dir='ltr'>commu-</span> 
     </span>
     <span class='ocr_line' id='line_1_20' title="bbox 119 1613 1491 1679; baseline -0.004 -17"><span class='ocrx_word' id='word_1_164' title='bbox 119 1617 202 1662; x_wconf 83' lang='lat' dir='ltr'>tari</span> <span class='ocrx_word' id='word_1_165' title='bbox 217 1616 286 1662; x_wconf 87' lang='lat' dir='ltr'>vel</span> <span class='ocrx_word' id='word_1_166' title='bbox 308 1616 532 1679; x_wconf 86' lang='lat' dir='ltr'>corrumpi</span> <span class='ocrx_word' id='word_1_167' title='bbox 556 1626 710 1677; x_wconf 88' lang='lat' dir='ltr'>potest.</span> <span class='ocrx_word' id='word_1_168' title='bbox 740 1615 944 1678; x_wconf 87' lang='lat' dir='ltr'>Alioquin</span> <span class='ocrx_word' id='word_1_169' title='bbox 968 1632 1057 1659; x_wconf 90' lang='lat' dir='ltr'>non</span> <span class='ocrx_word' id='word_1_170' title='bbox 1083 1613 1279 1660; x_wconf 83' lang='lat' dir='ltr'>Achillea</span> <span class='ocrx_word' id='word_1_171' title='bbox 1300 1623 1491 1668; x_wconf 85' lang='lat' dir='ltr'>tantum,</span> 
     </span>
     <span class='ocr_line' id='line_1_21' title="bbox 115 1682 1489 1741; baseline -0.004 -9"><span class='ocrx_word' id='word_1_172' title='bbox 115 1687 227 1732; x_wconf 82' lang='lat' dir='ltr'>sicut</span> <span class='ocrx_word' id='word_1_173' title='bbox 250 1685 414 1731; x_wconf 80' lang='lat' dir='ltr'>fabulae</span> <span class='ocrx_word' id='word_1_174' title='bbox 435 1684 581 1731; x_wconf 88' lang='lat' dir='ltr'>ferunt</span> <span class='ocrx_word' id='word_1_175' title='bbox 596 1723 606 1741; x_wconf 87' lang='lat'>‚</span> <span class='ocrx_word' id='word_1_176' title='bbox 633 1685 706 1730; x_wconf 90' lang='lat' dir='ltr'>sed</span> <span class='ocrx_word' id='word_1_177' title='bbox 726 1685 865 1730; x_wconf 85' lang='lat' dir='ltr'>omnis</span> <span class='ocrx_word' id='word_1_178' title='bbox 885 1702 985 1730; x_wconf 82' lang='lat' dir='ltr'>caro</span> <span class='ocrx_word' id='word_1_179' title='bbox 1009 1695 1114 1730; x_wconf 86' lang='lat' dir='ltr'>esset</span> <span class='ocrx_word' id='word_1_180' title='bbox 1137 1682 1489 1738; x_wconf 85' lang='lat' dir='ltr'>invulnerabilis,</span> 
     </span>
     <span class='ocr_line' id='line_1_22' title="bbox 117 1753 1494 1818; baseline -0.004 -16"><span class='ocrx_word' id='word_1_181' title='bbox 117 1757 150 1802; x_wconf 87' lang='lat' dir='ltr'>si</span> <span class='ocrx_word' id='word_1_182' title='bbox 175 1756 320 1802; x_wconf 90' lang='lat' dir='ltr'>nullus</span> <span class='ocrx_word' id='word_1_183' title='bbox 338 1756 373 1801; x_wconf 92' lang='lat' dir='ltr'>ei</span> <span class='ocrx_word' id='word_1_184' title='bbox 389 1772 511 1801; x_wconf 84' lang='lat' dir='ltr'>casus</span> <span class='ocrx_word' id='word_1_185' title='bbox 532 1755 760 1801; x_wconf 83' lang='lat' dir='ltr'>accideret.</span> <span class='ocrx_word' id='word_1_186' title='bbox 784 1756 880 1800; x_wconf 67' lang='lat' dir='ltr'>Non</span> <span class='ocrx_word' id='word_1_187' title='bbox 904 1766 966 1800; x_wconf 86' lang='lat' dir='ltr'>est</span> <span class='ocrx_word' id='word_1_188' title='bbox 982 1756 1127 1818; x_wconf 80' lang='lat' dir='ltr'>itaque</span> <span class='ocrx_word' id='word_1_189' title='bbox 1147 1763 1303 1798; x_wconf 82' lang='lat' dir='ltr'>natura</span> <span class='ocrx_word' id='word_1_190' title='bbox 1321 1753 1494 1797; x_wconf 88' lang='lat' dir='ltr'>incom-</span> 
     </span>
     <span class='ocr_line' id='line_1_23' title="bbox 116 1823 1495 1889; baseline -0.004 -16"><span class='ocrx_word' id='word_1_191' title='bbox 116 1827 366 1882; x_wconf 82' lang='lat' dir='ltr'>mutabilis,</span> <span class='ocrx_word' id='word_1_192' title='bbox 396 1843 496 1889; x_wconf 87' lang='lat' dir='ltr'>quae</span> <span class='ocrx_word' id='word_1_193' title='bbox 516 1826 660 1888; x_wconf 89' lang='lat' dir='ltr'>aliquo</span> <span class='ocrx_word' id='word_1_194' title='bbox 687 1825 816 1871; x_wconf 88' lang='lat' dir='ltr'>modo</span> <span class='ocrx_word' id='word_1_195' title='bbox 833 1863 842 1877; x_wconf 80' lang='grc'>,</span> <span class='ocrx_word' id='word_1_196' title='bbox 871 1826 1015 1889; x_wconf 81' lang='lat' dir='ltr'>aliqua</span> <span class='ocrx_word' id='word_1_197' title='bbox 1035 1841 1180 1879; x_wconf 79' lang='lat' dir='ltr'>causa,</span> <span class='ocrx_word' id='word_1_198' title='bbox 1205 1823 1349 1886; x_wconf 84' lang='lat' dir='ltr'>aliqua</span> <span class='ocrx_word' id='word_1_199' title='bbox 1370 1833 1495 1885; x_wconf 85' lang='lat' dir='ltr'>parte</span> 
     </span>
     <span class='ocr_line' id='line_1_24' title="bbox 116 1895 1496 1956; baseline -0.005 -12"><span class='ocrx_word' id='word_1_200' title='bbox 116 1898 339 1944; x_wconf 80' lang='lat' dir='ltr'>mutabilis</span> <span class='ocrx_word' id='word_1_201' title='bbox 357 1908 431 1944; x_wconf 87' lang='lat' dir='ltr'>est.</span> <span class='ocrx_word' id='word_1_202' title='bbox 461 1898 599 1942; x_wconf 87' lang='lat' dir='ltr'>Deum</span> <span class='ocrx_word' id='word_1_203' title='bbox 620 1907 760 1942; x_wconf 83' lang='lat' dir='ltr'>autem</span> <span class='ocrx_word' id='word_1_204' title='bbox 782 1896 898 1942; x_wconf 83' lang='lat' dir='ltr'>nefas</span> <span class='ocrx_word' id='word_1_205' title='bbox 921 1907 1001 1951; x_wconf 84' lang='lat' dir='ltr'>est,</span> <span class='ocrx_word' id='word_1_206' title='bbox 1028 1895 1109 1940; x_wconf 80' lang='lat' dir='ltr'>nisi</span> <span class='ocrx_word' id='word_1_207' title='bbox 1127 1911 1223 1939; x_wconf 88' lang='lat' dir='ltr'>vere</span> <span class='ocrx_word' id='word_1_208' title='bbox 1243 1909 1496 1956; x_wconf 85' lang='lat' dir='ltr'>summeque</span> 
     </span>
     <span class='ocr_line' id='line_1_25' title="bbox 115 1963 1488 2027; baseline -0.004 -12"><span class='ocrx_word' id='word_1_209' title='bbox 115 1967 521 2015; x_wconf 81' lang='lat' dir='ltr'>incommutabilem</span> <span class='ocrx_word' id='word_1_210' title='bbox 540 1966 725 2013; x_wconf 84' lang='lat' dir='ltr'>credere.</span> <span class='ocrx_word' id='word_1_211' title='bbox 755 1968 851 2012; x_wconf 84' lang='lat' dir='ltr'>Non</span> <span class='ocrx_word' id='word_1_212' title='bbox 872 1978 934 2012; x_wconf 91' lang='lat' dir='ltr'>est</span> <span class='ocrx_word' id='word_1_213' title='bbox 956 1967 1088 2026; x_wconf 82' lang='lat' dir='ltr'>igitur</span> <span class='ocrx_word' id='word_1_214' title='bbox 1110 1966 1253 2010; x_wconf 81' lang='lat' dir='ltr'>anima</span> <span class='ocrx_word' id='word_1_215' title='bbox 1273 1981 1374 2027; x_wconf 81' lang='lat' dir='ltr'>pars</span> <span class='ocrx_word' id='word_1_216' title='bbox 1393 1963 1488 2010; x_wconf 87' lang='lat' dir='ltr'>Dei.</span> 
     </span>
    </p>

    <p class='ocr_par' dir='ltr' id='par_1_3' title="bbox 112 2033 1497 2594">
     <span class='ocr_line' id='line_1_26' title="bbox 181 2033 1494 2101; baseline -0.004 -16"><span class='ocrx_word' id='word_1_217' title='bbox 181 2040 253 2085; x_wconf 65' lang='lat' dir='ltr'>1V&#39;.</span> <span class='ocrx_word' id='word_1_218' title='bbox 300 2040 606 2101; x_wconf 82' lang='lat' dir='ltr'>Incorpoream</span> <span class='ocrx_word' id='word_1_219' title='bbox 635 2055 810 2100; x_wconf 88' lang='lat' dir='ltr'>quoque</span> <span class='ocrx_word' id='word_1_220' title='bbox 841 2055 927 2083; x_wconf 88' lang='lat' dir='ltr'>esse</span> <span class='ocrx_word' id='word_1_221' title='bbox 961 2037 1177 2091; x_wconf 83' lang='lat' dir='ltr'>animam,</span> <span class='ocrx_word' id='word_1_222' title='bbox 1211 2034 1287 2080; x_wconf 88' lang='lat' dir='ltr'>etsi</span> <span class='ocrx_word' id='word_1_223' title='bbox 1319 2033 1494 2080; x_wconf 83' lang='lat' dir='ltr'>difficile</span> 
     </span>
     <span class='ocr_line' id='line_1_27' title="bbox 115 2105 1496 2172; baseline -0.006 -16"><span class='ocrx_word' id='word_1_224' title='bbox 115 2108 380 2156; x_wconf 81' lang='lat' dir='ltr'>tardioribus</span> <span class='ocrx_word' id='word_1_225' title='bbox 413 2108 662 2172; x_wconf 82' lang='lat' dir='ltr'>persuaderi</span> <span class='ocrx_word' id='word_1_226' title='bbox 702 2119 873 2171; x_wconf 79' lang='lat' dir='ltr'>potest,</span> <span class='ocrx_word' id='word_1_227' title='bbox 918 2108 1027 2153; x_wconf 84' lang='lat' dir='ltr'>mihi</span> <span class='ocrx_word' id='word_1_228' title='bbox 1062 2117 1204 2152; x_wconf 79' lang='lat' dir='ltr'>tamen</span> <span class='ocrx_word' id='word_1_229' title='bbox 1237 2105 1375 2150; x_wconf 82' lang='lat' dir='ltr'>fateor</span> <span class='ocrx_word' id='word_1_230' title='bbox 1410 2121 1496 2149; x_wconf 88' lang='lat' dir='ltr'>esse</span> 
     </span>
     <span class='ocr_line' id='line_1_28' title="bbox 113 2174 1491 2245; baseline -0.005 -18"><span class='ocrx_word' id='word_1_231' title='bbox 113 2197 383 2245; x_wconf 82' lang='lat' dir='ltr'>persuasum.</span> <span class='ocrx_word' id='word_1_232' title='bbox 425 2178 509 2224; x_wconf 87' lang='lat' dir='ltr'>Sed</span> <span class='ocrx_word' id='word_1_233' title='bbox 546 2196 599 2224; x_wconf 88' lang='lat' dir='ltr'>ne</span> <span class='ocrx_word' id='word_1_234' title='bbox 639 2179 762 2224; x_wconf 86' lang='lat' dir='ltr'>verbi</span> <span class='ocrx_word' id='word_1_235' title='bbox 802 2177 1140 2224; x_wconf 81' lang='lat' dir='ltr'>controversiam</span> <span class='ocrx_word' id='word_1_236' title='bbox 1173 2175 1237 2220; x_wconf 87' lang='lat' dir='ltr'>vel</span> <span class='ocrx_word' id='word_1_237' title='bbox 1265 2174 1491 2237; x_wconf 90' lang='lat' dir='ltr'>superfluo</span> 
     </span>
     <span class='ocr_line' id='line_1_29' title="bbox 112 2246 1490 2313; baseline -0.007 -15"><span class='ocrx_word' id='word_1_238' title='bbox 112 2252 270 2298; x_wconf 85' lang='lat' dir='ltr'>faciam</span> <span class='ocrx_word' id='word_1_239' title='bbox 296 2250 362 2296; x_wconf 85' lang='lat' dir='ltr'>vel</span> <span class='ocrx_word' id='word_1_240' title='bbox 399 2250 550 2295; x_wconf 89' lang='lat' dir='ltr'>merito</span> <span class='ocrx_word' id='word_1_241' title='bbox 585 2249 743 2311; x_wconf 78' lang='lat' dir='ltr'>patiar,</span> <span class='ocrx_word' id='word_1_242' title='bbox 778 2250 987 2313; x_wconf 81' lang='lat' dir='ltr'>quoniam</span> <span class='ocrx_word' id='word_1_243' title='bbox 1015 2264 1115 2293; x_wconf 87' lang='lat' dir='ltr'>cum</span> <span class='ocrx_word' id='word_1_244' title='bbox 1142 2246 1195 2291; x_wconf 90' lang='lat' dir='ltr'>de</span> <span class='ocrx_word' id='word_1_245' title='bbox 1221 2262 1265 2290; x_wconf 87' lang='lat' dir='ltr'>re</span> <span class='ocrx_word' id='word_1_246' title='bbox 1289 2255 1458 2290; x_wconf 83' lang='lat' dir='ltr'>constat</span> <span class='ocrx_word' id='word_1_247' title='bbox 1479 2282 1490 2300; x_wconf 93' lang='lat'><strong>‚</strong></span> 
     </span>
     <span class='ocr_line' id='line_1_30' title="bbox 113 2315 1494 2383; baseline -0.007 -14"><span class='ocrx_word' id='word_1_248' title='bbox 113 2340 201 2369; x_wconf 91' lang='lat' dir='ltr'>non</span> <span class='ocrx_word' id='word_1_249' title='bbox 235 2331 296 2366; x_wconf 85' lang='lat' dir='ltr'>est</span> <span class='ocrx_word' id='word_1_250' title='bbox 327 2337 437 2383; x_wconf 87' lang='lat' dir='ltr'>opus</span> <span class='ocrx_word' id='word_1_251' title='bbox 474 2329 636 2364; x_wconf 81' lang='lat' dir='ltr'>certare</span> <span class='ocrx_word' id='word_1_252' title='bbox 670 2319 722 2364; x_wconf 88' lang='lat' dir='ltr'>de</span> <span class='ocrx_word' id='word_1_253' title='bbox 762 2320 935 2365; x_wconf 85' lang='lat' dir='ltr'>nomine</span> <span class='ocrx_word' id='word_1_254' title='bbox 967 2337 976 2363; x_wconf 93' lang='lat'><strong>:</strong></span> <span class='ocrx_word' id='word_1_255' title='bbox 1006 2322 1038 2363; x_wconf 76' lang='lat' dir='ltr'>si</span> <span class='ocrx_word' id='word_1_256' title='bbox 1074 2333 1234 2380; x_wconf 85' lang='lat' dir='ltr'>corpus</span> <span class='ocrx_word' id='word_1_257' title='bbox 1266 2327 1323 2361; x_wconf 79' lang='lat' dir='ltr'>est</span> <span class='ocrx_word' id='word_1_258' title='bbox 1353 2315 1494 2361; x_wconf 88' lang='lat' dir='ltr'>omnis</span> 
     </span>
     <span class='ocr_line' id='line_1_31' title="bbox 113 2385 1490 2453; baseline -0.007 -14"><span class='ocrx_word' id='word_1_259' title='bbox 113 2391 354 2439; x_wconf 77' lang='lat' dir='ltr'>substantia</span> <span class='ocrx_word' id='word_1_260' title='bbox 378 2390 444 2435; x_wconf 85' lang='lat' dir='ltr'>vel</span> <span class='ocrx_word' id='word_1_261' title='bbox 466 2390 666 2446; x_wconf 79' lang='lat' dir='ltr'>essentia,</span> <span class='ocrx_word' id='word_1_262' title='bbox 690 2390 756 2436; x_wconf 81' lang='lat' dir='ltr'>vel</span> <span class='ocrx_word' id='word_1_263' title='bbox 773 2390 806 2435; x_wconf 93' lang='lat' dir='ltr'>si</span> <span class='ocrx_word' id='word_1_264' title='bbox 828 2390 936 2453; x_wconf 88' lang='lat' dir='ltr'>quid</span> <span class='ocrx_word' id='word_1_265' title='bbox 957 2389 1100 2452; x_wconf 78' lang='lat' dir='ltr'>aptius</span> <span class='ocrx_word' id='word_1_266' title='bbox 1125 2396 1408 2449; x_wconf 82' lang='lat' dir='ltr'>nuncupatur</span> <span class='ocrx_word' id='word_1_267' title='bbox 1425 2385 1490 2441; x_wconf 88' lang='lat' dir='ltr'>id,</span> 
     </span>
     <span class='ocr_line' id='line_1_32' title="bbox 113 2456 1494 2526; baseline -0.005 -20"><span class='ocrx_word' id='word_1_268' title='bbox 113 2461 233 2526; x_wconf 93' lang='lat' dir='ltr'>quod</span> <span class='ocrx_word' id='word_1_269' title='bbox 259 2461 403 2524; x_wconf 72' lang='lat' dir='ltr'>aliquo</span> <span class='ocrx_word' id='word_1_270' title='bbox 428 2459 557 2504; x_wconf 88' lang='lat' dir='ltr'>modo</span> <span class='ocrx_word' id='word_1_271' title='bbox 582 2470 642 2505; x_wconf 88' lang='lat' dir='ltr'>est</span> <span class='ocrx_word' id='word_1_272' title='bbox 664 2461 709 2504; x_wconf 90' lang='lat' dir='ltr'>in</span> <span class='ocrx_word' id='word_1_273' title='bbox 731 2477 771 2505; x_wconf 90' lang='lat' dir='ltr'>se</span> <span class='ocrx_word' id='word_1_274' title='bbox 791 2460 884 2523; x_wconf 85' lang='lat' dir='ltr'>ipso</span> <span class='ocrx_word' id='word_1_275' title='bbox 900 2497 909 2515; x_wconf 81' lang='grc'>,</span> <span class='ocrx_word' id='word_1_276' title='bbox 933 2475 1092 2521; x_wconf 85' lang='lat' dir='ltr'>corpus</span> <span class='ocrx_word' id='word_1_277' title='bbox 1113 2467 1174 2503; x_wconf 89' lang='lat' dir='ltr'>est</span> <span class='ocrx_word' id='word_1_278' title='bbox 1199 2456 1355 2501; x_wconf 81' lang='lat' dir='ltr'>anima.</span> <span class='ocrx_word' id='word_1_279' title='bbox 1385 2457 1494 2501; x_wconf 87' lang='lat' dir='ltr'>Item</span> 
     </span>
     <span class='ocr_line' id='line_1_33' title="bbox 114 2528 1497 2594; baseline -0.005 -17"><span class='ocrx_word' id='word_1_280' title='bbox 114 2533 148 2578; x_wconf 87' lang='lat' dir='ltr'>si</span> <span class='ocrx_word' id='word_1_281' title='bbox 181 2548 274 2577; x_wconf 83' lang='lat' dir='ltr'>eam</span> <span class='ocrx_word' id='word_1_282' title='bbox 307 2530 443 2576; x_wconf 86' lang='lat' dir='ltr'>solam</span> <span class='ocrx_word' id='word_1_283' title='bbox 477 2530 781 2593; x_wconf 80' lang='lat' dir='ltr'>incorpoream</span> <span class='ocrx_word' id='word_1_284' title='bbox 816 2530 961 2594; x_wconf 80' lang='lat' dir='ltr'>placet</span> <span class='ocrx_word' id='word_1_285' title='bbox 1004 2528 1224 2592; x_wconf 83' lang='lat' dir='ltr'>appellare</span> <span class='ocrx_word' id='word_1_286' title='bbox 1263 2537 1497 2581; x_wconf 80' lang='lat' dir='ltr'>naturam,</span> 
     </span>
    </p>
   </div>
   <div class='ocr_carea' id='block_1_3' title="bbox 166 2612 382 2647">
    <p class='ocr_par' dir='ltr' id='par_1_4' title="bbox 166 2612 382 2647">
     <span class='ocr_line' id='line_1_34' title="bbox 166 2612 382 2647; baseline -0.005 0"><span class='ocrx_word' id='word_1_287' title='bbox 166 2616 176 2638; x_wconf 86' lang='lat'><strong>¹</strong></span> <span class='ocrx_word' id='word_1_288' title='bbox 199 2612 382 2647; x_wconf 83' lang='lat' dir='ltr'>Manichaei.</span> 
     </span>
    </p>
   </div>
  </div>
 </body>
</html>
