1799 3251
343 278 430 327 130
756 291 790 320 s,
839 289 1079 320 AUGUSTIM
1116 288 1323 320 13121500121

330 374 468 415 retur,
484 358 562 423 qui
580 357 656 403 dat
681 356 996 402 incrementum
1028 356 1175 402 Deus?
1200 355 1307 411 Quis
1326 354 1438 400 enim
1465 355 1556 402 sine
1575 353 1709 416 adju-

335 435 446 480 torio
466 430 658 494 Spiritus
687 426 765 471 Dei
789 426 977 485 cogitare
1001 425 1140 471 valeat
1160 442 1246 470 esse
1281 425 1465 489 aliquid,
1489 427 1711 489 magisque

332 521 420 551 esse
445 518 575 566 quam
597 497 740 544 onmia
763 513 864 560 quae
897 514 974 559 per
995 513 1154 559 corpus
1184 496 1446 552 sentiuntur,
1480 497 1599 560 quod
1631 514 1710 548 nec

328 576 374 621 in
394 574 490 619 loco
507 569 722 623 videatur,
747 584 824 612 uec
843 565 1127 629 quaerendum
1148 566 1201 611 sit
1220 565 1375 622 ocutis,
1402 583 1482 612 nec
1504 566 1711 613 audiatur

332 645 483 699 affatu,
500 657 579 687 nec
599 649 717 685 tactu
738 648 947 693 teneatur,
973 654 1053 682 nec
1073 637 1277 682 sentiatur
1295 637 1482 693 incessu,
1508 647 1551 682 et
1567 637 1711 683 videa-

331 729 404 763 tur
429 727 589 767 tamen,
618 709 691 755 scd
715 707 877 754 mundo
893 707 1050 753 corde?
1070 708 1218 770 Neque
1242 707 1356 752 cuim
1373 706 1527 752 dehac
1541 707 1628 753 vita
1639 706 1711 753 ille

331 786 612 850 loquebatur,
644 797 744 826 cum
759 779 848 825 hoc
866 778 1046 834 diceret,
1069 777 1427 841 quandoquidem
1443 778 1498 823 ab
1521 778 1607 825 hoc
1626 795 1711 825 sae-

327 859 445 913 culo,
466 857 511 902 in
535 870 622 917 quo
646 853 760 896 Deus
783 851 1007 913 apparuit,
1035 866 1122 894 uon
1148 850 1275 895 sicuti
1299 859 1378 903 est,
1403 848 1478 894 sed
1498 849 1544 894 in
1569 850 1712 912 specie

329 946 415 994 qua
437 925 592 979 voluit,
635 922 797 985 quibus
823 920 988 974 voluit,
1031 922 1131 965 satis
1161 919 1364 965 discrevit
1388 919 1536 966 saeculi
1572 920 1712 967 futuri

330 1000 464 1047 vitam
486 994 744 1043 discretione
762 991 1030 1054 apertissima
1052 990 1129 1035 ubi
1159 989 1235 1045 ait,
1257 989 1271 1053 [
1292 990 1339 1034 Et
1355 989 1460 1053 quid
1479 989 1657 1044 mirum,
1676 989 1712 1037 si

334 1070 379 1117 in
394 1064 596 1132 praesenti
617 1061 795 1116 saeculo,
826 1061 905 1106 nisi
926 1060 1103 1123 quando
1119 1059 1230 1115 vult,
1255 1061 1467 1105 Dominus
1486 1076 1573 1105 non
1592 1059 1710 1107 vide-

333 1143 433 1187 tur?
474 1140 525 1183 In
551 1137 645 1198 ipsa
669 1149 843 1196 quoque
874 1132 1188 1176 resurrectione
1212 1147 1302 1176 nou
1327 1131 1453 1176 facile
1471 1142 1534 1176 cst
1566 1132 1710 1178 Deum

331 1211 495 1264 videre,
532 1205 614 1252 nisi
637 1205 686 1250 iis
708 1204 786 1266 qui
820 1202 950 1248 corde
979 1202 1066 1247 sint
1093 1201 1276 1248 mundo.
1324 1202 1380 1246 Et
1415 1201 1512 1247 idco
1548 1223 1568 1244 «
1587 1202 1712 1252 Beati

331 1278 541 1327 »mundo
566 1273 721 1327 corde;
749 1272 956 1336 quoniam
980 1272 1061 1335 ipsi
1082 1273 1223 1317 Deum
1262 1271 1490 1318 videbunt.
1511 1270 1561 1334 »]
1595 1273 1712 1319 Hinc

325 1358 417 1415 jam
435 1351 486 1396 dc
499 1348 573 1394 illo
590 1345 748 1392 saeculo
763 1344 907 1389 diccrc
930 1360 1099 1388 exorsus
1120 1353 1198 1398 cst,
1218 1342 1296 1388 ubi
1316 1343 1455 1388 Deum
1474 1342 1709 1398 videbunt,

330 1441 418 1471 non
439 1436 586 1466 omnes
601 1416 677 1480 qui
692 1424 932 1474 resurgent;
950 1413 1022 1459 scd
1042 1413 1118 1476 qui
1132 1423 1353 1472 resurgent
1372 1413 1571 1458 advitam
1589 1424 1711 1460 aeter-

331 1511 434 1541 nam
460 1510 470 1536 ε
489 1507 575 1536 non
594 1486 779 1546 indigni,
801 1484 854 1530 de
874 1485 1034 1547 quibus
1057 1484 1225 1529 dictum
1245 1494 1337 1529 est:
1364 1505 1384 1525 «
1406 1483 1608 1530 Tollatur
1625 1483 1712 1530 im-

334 1564 493 1627 »pius‚
527 1576 581 1605 ne
614 1557 759 1604 videat
795 1555 1032 1601 claritatem
1077 1553 1351 1608 Domini13»
1391 1553 1463 1599 sed
1488 1553 1629 1613 digni,
1657 1553 1712 1600 de

335 1632 537 1697 qualibus
567 1628 673 1674 dixit
707 1629 799 1689 ipse
824 1625 1051 1679 Dominus,
1080 1641 1181 1670 cum
1219 1641 1409 1687 praesens
1433 1640 1518 1669 non
1538 1623 1712 1670 videre-

341 1715 411 1749 tur
429 1720 440 1747 :
458 1696 738 1759 «Quidiligit
756 1712 841 1749 mc,
868 1694 1069 1740 mandata
1095 1712 1187 1740 mea
1212 1694 1404 1740 custodit
1427 1711 1474 1738 t»
1501 1704 1560 1750 et,
1588 1693 1712 1750 «Qui

337 1797 358 1818 »
381 1772 523 1832 diligit
543 1786 610 1816 mc
627 1806 636 1824 ,
659 1767 861 1826 diligetur
879 1785 900 1812 a
919 1768 1048 1812 Patre
1069 1783 1182 1822 mco,
1217 1776 1258 1811 et
1283 1783 1359 1826 ego
1396 1765 1573 1825 diligam
1590 1781 1708 1821 eum,

338 1867 359 1888 »
379 1855 420 1891 et
439 1839 661 1888 ostendam
687 1854 754 1882 me
772 1837 916 1899 ipsum
935 1836 999 1882 illi
1017 1837 1033 1865 2
1057 1854 1067 1881 ε
1087 1857 1106 1877 >2
1139 1852 1218 1881 nec
1241 1836 1271 1881 ii
1309 1835 1471 1899 quibus
1502 1834 1674 1881 dicetur
1696 1851 1708 1880 ε

338 1914 502 1961 «Itein
522 1912 664 1971 ignem
692 1918 901 1953 aeternum
919 1943 929 1962 ‚
968 1907 1045 1970 qui
1081 1917 1353 1969 praeparatus
1376 1916 1436 1951 est
1471 1904 1649 1950 diabolo
1670 1915 1712 1951 et

338 2009 358 2030 >2
383 1981 542 2044 angelis
561 1984 654 2040 ejus
681 1998 693 2032 3
713 1999 732 2019 >2
772 1977 843 2022 sed
867 1977 1028 2040 quibus
1050 1976 1219 2022 dicetur
1239 1993 1249 2021 ε
1266 1998 1286 2016 «
1308 1976 1459 2021 Venite
1487 1975 1711 2022 Benedicti

338 2079 359 2101 2>
382 2053 521 2102 Patris
545 2051 626 2096 mei
645 2068 654 2107 ς
676 2048 888 2112 percipite
911 2065 1112 2107 regnum,
1128 2046 1246 2109 quod
1266 2046 1390 2092 vobis
1410 2055 1709 2109 praeparatum

339 2151 359 2172 ))
372 2138 436 2174 est
459 2125 514 2171 ab
533 2121 659 2169 initio
684 2120 839 2166 mundi
865 2120 882 2147 5
904 2137 914 2164 :
935 2141 954 2161 »
977 2119 1041 2165 illi
1063 2119 1230 2182 quippe
1249 2118 1380 2163 ibunt
1403 2119 1448 2163 in
1474 2116 1712 2162 ambustio-

336 2216 435 2247 nem
462 2205 665 2241 aeternam
685 2227 695 2246 ,
739 2190 846 2250 justi
868 2200 1010 2236 autem
1052 2189 1098 2235 in
1123 2190 1256 2235 vitam
1281 2199 1503 2234 aeternam.
1533 2188 1589 2232 Et
1611 2203 1710 2251 quae

337 2281 401 2317 est
422 2267 511 2314 vita
537 2274 714 2318 aeterna,
754 2261 835 2307 nisi
864 2259 983 2324 quod
1014 2262 1108 2324 ipsa
1132 2260 1229 2305 vita
1266 2258 1372 2304 alibi
1396 2257 1536 2303 dicit:
1564 2278 1583 2299 «
1602 2257 1710 2303 Haec

338 2362 361 2383 2>
384 2349 446 2385 est
479 2345 620 2381 autem
645 2333 732 2378 vita
755 2342 931 2387 tetemet,
969 2341 1018 2377 ut
1040 2339 1362 2391 cognoscantte
1398 2345 1534 2374 unum
1568 2328 1710 2374 Deum

342 2432 363 2453 >³
379 2423 530 2455 verum
556 2415 596 2449 et
619 2420 746 2466 quem
770 2402 922 2447 misisti
941 2403 1088 2448 Jesum
1106 2399 1386 2446 Christum-'⁴2³
1405 2421 1424 2440 ›>
1450 2398 1521 2444 sed
1534 2399 1592 2444 sic
1605 2415 1710 2461 quo-

339 2478 471 2527 modo
492 2473 690 2539 promisit
703 2483 969 2518 ostensurum
986 2489 1028 2518 se
1042 2472 1184 2536 ipsum
1205 2469 1488 2516 dilectoribus
1502 2469 1588 2516 suis
1606 2485 1710 2515 cum

381 2583 392 2603 ι
412 2577 485 2610 lsai.
503 2585 594 2611 xxvi,
615 2574 770 2614 10,juna
786 2583 860 2604 mx.
876 2589 921 2594 —
938 2570 952 2593 ‘²
969 2574 1064 2605 Joan.
1084 2582 1151 2608 xiv,
1171 2583 1275 2603 21.—
1293 2567 1306 2591 3
1325 2568 1438 2600 Maiih.
1456 2579 1529 2607 xxv,
1548 2576 1584 2604 μ
1604 2575 1635 2601 et
1651 2570 1704 2604 3⁴·

331 2653 376 2663 -
391 2634 403 2657 ⁴
421 2636 516 2666 Joau.
536 2640 615 2664 xxti,
635 2630 662 2658 3.
