1799 3251
285 290 376 334 532
695 303 728 330 s.
772 301 1017 330 AUGUSTIM
1053 300 1256 331 EPlSCOPI

283 391 303 410 »
327 368 544 424 Quoniam
562 366 827 412 inhabitabo
843 365 887 410 in
907 365 990 410 illis
1008 375 1047 410 et
1076 365 1382 422 inambulabo,
1402 376 1443 411 et
1469 382 1541 411 ero
1559 364 1661 411 illo-

287 461 307 480 »
329 455 426 483 rum
449 439 582 492 Deus,
612 436 751 498 etipsi
774 445 901 479 erunt
919 434 1028 479 mihi
1049 434 1175 497 plebs
1194 434 1227 482 1.
1255 456 1276 476 »

345 509 469 553 XXX
481 507 549 553 Vl.
576 508 664 551 *Nec
686 522 854 550 movere
879 521 956 549 nos
979 505 1125 560 debet,
1148 505 1267 567 quod
1283 522 1361 568 per
1377 504 1590 568 quosdam
1607 503 1664 550 ad

276 579 364 624 hoc
388 577 598 640 templum
631 593 719 621 non
751 576 1031 638 pertinenteS,
1064 574 1130 620 vel
1160 576 1355 621 nondum
1376 576 1654 638 pertinentes,

277 648 323 693 id
348 658 410 693 est
436 649 480 692 in
504 647 664 710 quibus
690 662 778 690 non
802 645 991 699 habitat,
1019 644 1087 689 vel
1115 645 1312 690 nondum
1328 645 1502 690 habitat
1524 647 1660 699 Deus,

281 718 445 781 aliquid
469 717 642 762 virtutis
664 726 896 778 operatur3
926 714 1035 760 sicut
1061 715 1298 777 perillum,
1324 715 1461 778 quiin
1484 715 1662 760 nomine

283 787 448 832 Christi
465 785 707 849 expellebat
725 785 959 839 daemonia,
988 801 1088 829 cum
1111 785 1338 831 Christum
1359 802 1448 830 non
1469 801 1663 848 sequere-

282 869 370 909 tur,
391 874 519 920 quem
543 856 737 919 permitti
756 856 883 914 jussit
907 866 1090 918 propter
1104 856 1251 901 multis
1267 856 1416 901 utilem
1439 872 1664 901 commen-

283 928 501 974 dationem
517 925 704 970 nominis
719 926 798 970 sui.
821 925 985 970 Multos
1001 941 1175 989 quoque
1192 926 1250 970 ait
1267 926 1350 970 sibi
1370 926 1413 970 in
1434 925 1664 970 novissima

283 999 353 1044 die
385 998 579 1043 dicturos
604 1014 614 1040 :
652 1017 670 1036 «
716 998 765 1040 ln
806 995 981 1040 nomine
1024 1007 1099 1041 tuo
1139 996 1318 1042 rirtutes
1359 996 1518 1041 multas
1556 996 1666 1042 feci-

285 1092 305 1110 »
328 1085 436 1113 mus.
476 1088 496 1108 ›>
530 1066 704 1123 Quibus
741 1065 890 1126 utique
931 1081 1017 1109 non
1049 1066 1329 1128 responderet
1368 1084 1378 1110 ε
1414 1087 1433 1107 «
1471 1067 1568 1111 Non
1592 1082 1666 1111 vos

280 1161 300 1181 »
320 1139 420 1184 novi
440 1139 456 1165 '2
473 1175 482 1192 ,
515 1159 534 1178 ›>
562 1137 593 1181 si
612 1136 666 1180 ad
689 1134 901 1197 templum
939 1135 1034 1190 Dei,
1063 1135 1181 1198 quod
1207 1135 1499 1181 inhabitando
1523 1135 1665 1180 beati-

282 1209 412 1264 ficat,
449 1207 730 1270 pertinerent.
779 1203 1005 1249 Cornelius
1036 1206 1163 1250 etiam
1200 1206 1395 1251 centurio
1433 1215 1664 1267 antequam

284 1277 603 1339 regeneratione
629 1276 990 1338 incorporaretur
1024 1274 1131 1320 huic
1173 1276 1387 1339 temploss,
1408 1275 1582 1320 missum
1611 1274 1666 1321 ad

285 1367 326 1395 se
356 1347 567 1408 Angelum
608 1346 738 1401 vidit,
779 1344 1002 1407 audiitque
1032 1345 1267 1402 dicentem,
1300 1345 1420 1409 quod
1453 1345 1668 1392 exauditae

282 1420 368 1465 sint
400 1418 614 1463 orationes
647 1419 755 1478 ejus,
799 1415 946 1460 etelee
959 1432 1152 1478 mosynae
1170 1427 1374 1479 acceptae.
1417 1416 1516 1476 Agit
1548 1416 1663 1461 enim

286 1490 385 1535 haec
417 1490 534 1533 Deus
554 1499 763 1551 tanquam
786 1486 950 1549 ubique
969 1503 1176 1549 praesens,
1198 1486 1263 1532 vel
1286 1504 1365 1550 per
1378 1498 1547 1532 sanctos
1571 1488 1667 1533 An-

286 1560 401 1621 gelos
422 1575 534 1605 suOS.

355 1628 581 1675 XXXVII.
607 1628 717 1672 l'xam
732 1626 822 1682 illa
840 1627 1095 1689 priusquam
1120 1627 1251 1672 exiiet
1271 1627 1324 1672 de
1343 1627 1489 1683 vulva,
1511 1627 1669 1672 sancti-

292 1700 440 1746 ficatio
470 1697 688 1752 Jeremiae,
711 1713 961 1760 quanquam
987 1696 1188 1742 nonnulli
1214 1697 1333 1742 hoc
1322 1714 1366 1742 ln
1391 1708 1433 1748 U
1438 1714 1543 1760 pum
1571 1697 1670 1742 Sal-

292 1770 451 1815 vatoris
480 1768 715 1830 accipiant,
754 1767 831 1830 qui
868 1766 1187 1826 regeneratione
1222 1784 1312 1812 non
1347 1769 1479 1826 eguit,
1523 1778 1669 1812 tamen

293 1840 458 1886 etiamsi
482 1839 561 1884 de
551 1854 645 1900 ipso
669 1837 893 1899 Propheta
928 1836 1189 1900 accipiatur.
1212 1848 1407 1900 potestet
1427 1836 1668 1882 secundum

292 1910 715 1974 praedestinationem
744 1924 831 1952 non
858 1907 1405 1968 inconvenienterintelligi
1434 1926 1444 1952 z
1476 1908 1587 1953 sicut
1614 1908 1670 1952 fi-

295 1982 373 2026 lios
402 1981 475 2025 Dei
513 1978 704 2042 appellat
733 1977 1014 2037 Evangelium
1042 1978 1238 2023 nondum
1268 1989 1553 2037 regeneratos,
1593 1978 1670 2023 ubi

298 2052 491 2115 Caiphas
516 2067 615 2096 cuni
643 2048 695 2093 de
736 2049 925 2093 Domino
965 2048 1135 2093 dixisset
1165 2067 1174 2092 :
1217 2070 1236 2089 «
1259 2049 1443 2111 Expedit
1467 2049 1591 2094 vobis
1624 2059 1671 2094 ut

296 2144 316 2164 »
346 2138 456 2166 unus
478 2120 684 2165 moriatur
707 2118 841 2162 homo
867 2134 948 2180 pro
965 2117 1133 2180 populo
1152 2155 1162 2173 ,
1192 2129 1232 2164 et
1251 2136 1337 2163 non
1363 2129 1451 2163 tota
1469 2136 1569 2178 gens
1588 2136 1670 2181 pe-

298 2215 318 2235 »
346 2202 456 2248 reat3
482 2213 500 2231 »
521 2207 618 2234 mox
648 2187 932 2247 Evangelium
957 2199 1150 2233 secutum
1183 2188 1379 2248 adjunxit
1401 2205 1412 2233 ·.
1441 2190 1571 2234 »Hoc
1589 2206 1670 2234 au-

298 2284 318 2304 »
348 2273 430 2307 tem
458 2279 478 2306 a
498 2259 726 2322 semetipso
750 2275 838 2303 non
859 2257 988 2311 dixit3
1019 2257 1090 2302 sed
1109 2275 1209 2303 cum
1231 2269 1336 2304 esset
1353 2258 1545 2321 pontifex
1568 2260 1669 2304 anni

300 2356 320 2375 »
347 2333 462 2378 illius
475 2331 776 2394 prophetavit,
795 2329 896 2391 quia
917 2330 1039 2374 Jesus
1052 2330 1291 2375 moriturus
1311 2340 1402 2374 erat
1418 2347 1499 2392 pro
1514 2340 1636 2389 gente
1655 2349 1666 2381 ;

297 2426 318 2445 »
336 2414 378 2448 et
398 2419 484 2447 non
510 2411 678 2445 tantum
703 2416 784 2462 pro
822 2409 963 2458 genle3
985 2398 1058 2444 sed
1082 2410 1129 2443 ut
1172 2399 1284 2444 filios
1320 2399 1411 2454 Dei,
1437 2400 1514 2462 qui
1549 2409 1670 2444 erant

297 2497 317 2517 υ
337 2471 534 2535 dispersi,
550 2480 825 2529 congregaret
845 2470 889 2513 in
905 2485 1057 2514 unum.
1070 2490 1088 2509 ›>
1106 2469 1232 2513 Filios
1246 2469 1321 2513 Dei
1336 2469 1572 2531 appellavit
1588 2470 1670 2515 uti·

298 2562 382 2609 que
407 2552 565 2607 praeter
587 2541 816 2587 Hebraeam
837 2550 1024 2600 gentem,
1045 2540 1090 2585 in
1114 2540 1280 2585 caeteris
1302 2540 1432 2585 etiam
1465 2540 1668 2586 omnibus

345 2629 352 2649 ¹
373 2626 472 2659 Lex’it.
489 2635 575 2661 xxvi,
598 2635 648 2655 12.
667 2622 741 2647 ——2
758 2623 877 2655 Matth.
899 2635 957 2662 vu,
974 2635 1026 2654 22.
1045 2641 1085 2647 ·—
1108 2620 1122 2645 3
1140 2626 1214 2654 Act.
1231 2634 1267 2661 x,
1289 2629 1319 2658 4.
1335 2639 1380 2645 -
1399 2619 1412 2644 ⁴
1429 2625 1524 2657 Joan.
1545 2635 1592 2662 xr,
1612 2625 1666 2658 50.
