1799 3251
364 269 422 324 [36
780 275 813 304 S.
858 273 1100 303 AUGUSTINI
1136 272 1338 302 EPISCOPI

362 360 448 394 tam
489 342 676 390 timendo
708 356 888 404 poenam
922 355 1051 402 quam
1086 336 1271 389 amando
1303 337 1549 396 justitiam:
1587 345 1730 381 tamen

363 417 463 482 quia
483 431 570 460 non
590 413 636 457 fit
661 411 801 456 anima
823 413 939 468 Justa
960 408 1038 453 nisi
1054 407 1392 470 participatione
1417 405 1628 461 melioris,
1656 404 1733 466 qui

359 487 567 548 justificat
583 482 765 544 impium
784 517 794 534 ‚
817 498 831 541 i*
845 478 950 542 quid
972 479 1083 529 enim
1102 478 1236 523 habet
1259 477 1377 540 quod
1396 494 1484 526 non
1502 474 1730 538 accepist)

365 575 450 603 non
475 555 603 601 debet
629 552 711 597 sibi
733 548 963 595 tribuendo
982 547 1101 611 quod
1125 548 1207 592 Dei
1231 557 1316 602 est,
1349 548 1407 596 ita
1439 544 1614 606 gloriari
1632 556 1732 591 tan-

367 643 498 691 quam
521 641 606 670 non
632 618 893 683 acceperit1.
920 619 993 664 Ob
1013 619 1100 663 hoc
1131 618 1167 663 ei
1197 617 1363 669 dictum
1387 627 1476 672 est,
1502 638 1522 657 α
1543 616 1642 661 Noli
1667 615 1732 662 al-

367 708 498 742 »tum
522 708 669 757 sapere
687 728 697 746 ‚
721 690 793 736 sed
816 690 964 735 time2.
991 711 1011 730 υ
1037 690 1091 733 Et
1116 688 1244 732 timor
1274 688 1352 734 iste
1384 686 1642 750 praecipitur
1680 686 1732 732 iis

367 769 516 823 etiam,
548 765 624 828 qui
653 780 698 808 cx
736 761 821 806 fide
849 761 1063 815 viventes,
1093 758 1288 804 haeredes
1320 769 1420 804 sunt
1446 758 1558 808 Novi
1581 758 1733 804 Testa-

368 838 525 894 menti,
563 847 687 898 atque
710 833 753 878 in
774 832 1017 878 libertatem
1046 832 1204 878 vocati.
1247 830 1395 876 Altum
1417 831 1531 878 enim
1553 846 1701 893 sapere
1719 866 1729 885 ,

368 911 533 957 dictum
559 917 642 961 est,
665 903 900 966 superbire.
932 901 1064 959 Quod
1100 902 1183 947 alio
1214 901 1312 948 loco
1337 919 1358 947 e
1391 901 1608 947 contrario
1637 899 1734 946 satis

370 979 582 1033 Ostendit,
616 975 693 1020 ubi
731 974 787 1018 ait
807 1011 817 1028 ,
845 995 865 1015 «
884 974 980 1018 Non
1013 972 1097 1018 alta
1124 973 1360 1036 sapientes,
1394 971 1466 1017 sed
1491 971 1735 1017 humilibus

371 1074 392 1095 n
419 1048 729 1097 consentientes
743 1044 774 1088 3.
802 1065 820 1084 ›>
845 1045 904 1088 Ex
926 1043 1012 1088 hoc
1032 1043 1149 1107 quod
1188 1043 1270 1099 ait,
1308 1065 1328 1086 <‹
1347 1043 1600 1089 Humilibus
1623 1058 1734 1087 con-

367 1143 389 1165 »
414 1119 636 1167 sentientes
651 1152 660 1168 ,
682 1136 699 1155 >³
720 1114 867 1177 utique
888 1113 1054 1176 aperuit
1076 1113 1187 1158 nihil
1207 1112 1324 1163 aliud
1341 1130 1384 1159 se
1407 1112 1576 1166 dixisse,
1599 1133 1618 1153 «
1639 1112 1734 1161 Alta

369 1217 389 1237 »
415 1193 622 1256 sapientes
642 1225 651 1234 .
677 1210 695 1228 »
715 1203 844 1250 quam
866 1186 1176 1249 superbientes.

433 1262 556 1308 Llll.
598 1258 748 1303 Timor
766 1274 863 1316 crgo
889 1274 975 1302 non
1001 1267 1062 1301 est
1086 1257 1129 1302 in
1153 1256 1364 1302 charitate
1382 1293 1393 1311 ,
1419 1255 1520 1319 quia
1547 1254 1734 1318 perfecta

368 1332 559 1380 charitas
580 1329 692 1374 foras
709 1327 841 1371 mittit
865 1327 1061 1372 timorem
1074 1326 1092 1353 ί*
1113 1346 1124 1380 ;
1145 1326 1214 1372 sed
1240 1326 1364 1372 illum
1384 1325 1597 1381 servilem,
1611 1325 1734 1372 illum

369 1420 456 1467 quo
482 1417 581 1446 cum
606 1415 646 1443 se
665 1396 845 1460 quisque
863 1396 918 1441 ab
939 1413 1068 1459 opere
1092 1396 1205 1447 malo
1240 1395 1454 1451 abstinet,
1486 1412 1617 1458 poena
1647 1406 1735 1441 ter-

370 1484 502 1527 retur,
527 1486 614 1516 non
633 1467 799 1527 justitia
817 1466 1082 1520 delectatum
1104 1466 1223 1512 hunc
1240 1466 1430 1511 charitas
1448 1466 1559 1511 foras
1582 1466 1731 1522 mittit,

367 1560 497 1607 quam
517 1557 603 1586 non
628 1537 809 1583 delectat
826 1537 1029 1599 iniquitas
1048 1574 1058 1592 ,
1087 1536 1251 1582 etiamsi
1277 1547 1548 1600 proponatur
1585 1536 1735 1600 impu-

368 1613 478 1660 nitas
498 1630 508 1657 t
538 1627 625 1655 non
640 1608 760 1653 illum
781 1624 867 1670 quo
885 1608 1007 1652 timet
1028 1607 1170 1652 anima
1186 1643 1196 1662 ‚
1216 1624 1267 1652 ne
1287 1607 1458 1652 amittat
1477 1607 1612 1669 ipsam
1635 1625 1736 1666 gra-

368 1684 498 1737 tiam,
526 1679 671 1743 quain
699 1677 769 1722 illa
791 1676 957 1723 factum
983 1688 1043 1722 cst
1061 1716 1070 1733 ‚
1092 1688 1140 1723 ut
1157 1694 1250 1722 earn
1271 1693 1356 1722 non
1381 1694 1565 1740 peceare
1586 1677 1736 1723 delec-

371 1764 430 1799 tet
450 1772 461 1806 3
500 1767 587 1814 quo
636 1749 754 1793 timet
793 1764 846 1792 ne
886 1749 1000 1793 Deus
1034 1765 1126 1793 eam
1166 1747 1359 1800 deserat,
1400 1747 1564 1792 etiamsi
1605 1747 1737 1793 nullis

368 1823 568 1868 dolorum
589 1818 855 1863 cruciatibus
880 1818 1048 1879 puniat.
1082 1818 1166 1863 Hic
1195 1819 1325 1862 timor
1359 1828 1502 1862 castus
1535 1829 1597 1863 est
1615 1855 1624 1872 ‚
1647 1835 1736 1863 nou

370 1908 467 1937 eum
492 1888 680 1934 charitas
704 1886 850 1945 ejicit,
877 1887 949 1931 sed
977 1886 1191 1933 adsciscit.
1226 1889 1288 1932 De
1307 1887 1381 1938 illo
1404 1887 1573 1950 quippe
1592 1889 1734 1951 scrip-

370 1972 461 2007 tum
486 1969 546 2003 est
564 1995 573 2012 ,
597 1977 618 1997 ι(
639 1956 789 2000 Timor
808 1956 984 2001 Domini
1008 1968 1150 2002 castus
1171 1974 1426 2019 permanens
1452 1957 1498 2007 in
1527 1957 1734 2004 saeculum

371 2053 390 2074 »
411 2028 588 2076 saeculi5
612 2044 622 2071 ε
647 2047 666 2066 >>
700 2042 974 2089 nequaquam
1015 2028 1144 2071 istum
1181 2027 1341 2079 (liceret
1384 2038 1732 2090 permanentem,

370 2103 450 2151 nisi
475 2100 600 2145 sciret
634 2096 785 2152 alium,
821 2097 895 2159 qui
926 2114 1011 2142 non
1049 2108 1332 2160 permaneret.
1376 2099 1429 2143 lit
1458 2099 1567 2148 bene
1604 2099 1735 2147 istum

370 2182 537 2218 castum
555 2168 684 2221 dixit,
709 2167 795 2211 hoc
819 2167 932 2212 enim
960 2184 1045 2212 non
1069 2179 1185 2213 caret
1212 2186 1347 2224 amor,
1379 2184 1466 2231 quo
1499 2169 1642 2221 anima
1662 2169 1735 2219 in-

370 2243 508 2288 haeret
550 2240 634 2282 Dco
651 2274 660 2292 ,
688 2253 786 2300 quac
806 2236 912 2282 dicit
934 2237 978 2281 in
999 2237 1081 2282 alio
1108 2238 1303 2293 Psalmo,
1335 2260 1353 2279 α
1377 2237 1608 2291 Perdidisti
1635 2256 1734 2284 om!-

371 2334 391 2356 2>
413 2328 507 2356 nem
530 2309 605 2372 qui
628 2307 868 2352 fornicatur
887 2307 961 2351 abs
983 2317 1022 2351 te
1037 2344 1046 2362 ‚
1072 2308 1179 2352 mihi
1208 2319 1350 2359 autem
1375 2308 1594 2362 adhaerere
1615 2310 1704 2354 Deo
1719 2346 1731 2363 ‚

371 2406 392 2426 υ
416 2383 582 2427 bonum
613 2378 724 2423 estfi.
749 2400 766 2417 υ
797 2378 906 2422 Nam
932 2388 972 2422 ct
995 2381 1149 2437 conjux
1178 2395 1278 2441 quae
1308 2378 1599 2431 adulterinum
1638 2380 1735 2431 ani-

367 2469 484 2500 mum
507 2449 629 2511 gerit,
647 2448 811 2494 etiamsi
832 2447 982 2501 timore
997 2448 1078 2493 viri
1099 2465 1184 2493 nou
1207 2448 1469 2503 adulterium
1489 2460 1729 2513 perpetrat,

417 2555 426 2575 ¹
451 2564 462 2583 1
488 2552 560 2590 Cor.
577 2561 619 2588 iv,
638 2562 664 2588 ςΔ
683 2568 720 2574 -
739 2548 861 2582 ῗῑὶοῑῐι.
883 2559 934 2590 xz,
955 2560 1071 2582 21,—-
1096 2545 1253 2587 31d.x11,
1280 2551 1331 2582 16.
1357 2567 1395 2573 -
1415 2547 1428 2571 ⁴
1458 2561 1470 2580 1
1491 2551 1586 2583 Joan.
1611 2560 1654 2587 tv,
1679 2550 1732 2583 18,

366 2628 410 2636 .-
432 2607 445 2630 5
464 2606 780 2642 Psa!.xv1u,io.—
799 2602 873 2634 51d.
894 2614 995 2637 nun.
1016 2615 1068 2641 27,
