1799 3251
544 274 754 307 Erisrom.
791 276 991 307 ctxxxvt.
1367 258 1452 321 [481

99 337 322 385 Christum
348 340 489 399 generi
513 340 705 386 humano
737 341 1003 404 impertitam
1019 379 1029 398 ,
1067 341 1120 388 de
1143 343 1336 390 fidelium
1361 363 1461 392 cor-

98 409 229 455 dibus
255 411 464 456 creditam
482 411 677 467 deleant,
706 412 885 472 legimus
903 450 913 465 ,
936 412 1144 459 traditum
1172 415 1298 460 nobis
1322 453 1332 470 ,
1360 434 1382 461 a
1403 416 1460 462 fa-

98 479 254 524 mulis1
291 481 483 537 Christi,
509 482 585 545 qui
619 499 718 527 eum
759 483 859 528 talia
894 483 1117 529 docentem
1155 485 1462 533 studiosissime

98 548 352 606 audierant,
378 550 633 614 fuerantque
651 552 814 598 sectati.
843 553 925 598 Cui
946 553 1123 616 quidem
1146 553 1277 610 libro,
1300 556 1459 603 eisdem

97 620 378 679 rogantibus,
418 621 520 683 quia
556 621 600 666 id
644 621 736 666 fieri
770 632 970 684 oportere
1006 623 1289 679 videbamus,
1332 626 1461 672 tacito

96 690 271 735 nomine
307 691 520 745 auctoris,
554 709 605 736 ne
640 692 823 736 offensus
855 692 1141 737 insanabilior
1179 694 1460 752 redderetur,

98 759 226 804 unius
250 772 446 806 nostrum
474 761 798 824 disputatione‘->
823 778 1073 824 responsum
1101 773 1176 808 est.
1204 764 1334 819 Quod
1354 765 1470 812 libro

95 829 140 874 id
165 832 412 877 continetur
434 869 444 887 ,
472 843 512 876 et
542 832 843 895 multipliciter
866 844 997 894 atque
1026 832 1299 879 abundanter
1321 837 1467 882 asseri·

96 909 196 954 tur,
222 901 340 964 quod
358 902 486 947 etiam
510 902 773 964 quibusdam
800 901 952 947 litteris
970 903 986 930 3
1015 902 1099 961 agit
1124 903 1177 948 ad
1198 913 1314 949 tuam
1338 923 1467 952 vene-

95 970 306 1017 rationem
335 972 473 1022 datis,
507 973 586 1017 ubi
618 972 725 1018 dicit
760 990 801 1018 se
827 990 913 1018 non
946 973 1101 1019 debere
1126 975 1356 1022 existimari
1381 978 1470 1024 sine

94 1041 229 1100 gratia
255 1042 333 1088 Dei
359 1042 588 1088 defendere
612 1042 800 1089 liberum
828 1044 1059 1089 arbitrium
1078 1081 1088 1100 ,
1119 1062 1217 1090 cum
1243 1048 1470 1109 possibili-

93 1120 224 1156 tatem
248 1111 421 1158 volendi
447 1123 575 1175 atque
594 1113 801 1176 operandi
824 1151 833 1168 ,
864 1114 953 1159 sine
984 1130 1070 1176 qua
1095 1114 1209 1159 nihil
1237 1115 1343 1161 boni
1364 1117 1471 1164 velle

95 1191 224 1244 atque
247 1199 368 1242 agere
386 1183 643 1237 valeremus,
670 1201 690 1227 a
714 1184 918 1228 Creatore
938 1184 1063 1228 nobis
1084 1184 1256 1230 insitam
1276 1185 1466 1233 diceret:

95 1261 144 1296 ut
160 1251 361 1298 videlieet
373 1253 470 1300 haee
490 1253 757 1312 intelligatur
776 1255 955 1298 doctore
977 1254 1071 1317 ipso
1092 1255 1228 1312 gratia
1247 1257 1344 1311 Dei,
1366 1274 1467 1320 quae

94 1322 275 1384 paganis
296 1333 426 1386 atque
445 1323 722 1379 Christianis,
749 1323 895 1386 impiis
921 1334 960 1368 et
988 1324 1088 1386 piis,
1114 1323 1316 1371 fidelibus
1342 1337 1469 1391 atque

93 1393 343 1439 infidelibus
361 1395 606 1439 communis
629 1405 704 1440 est.

159 1465 218 1510 ll.
252 1465 360 1510 Haec
385 1464 497 1510 mala
515 1501 525 1515 ,
553 1464 714 1528 quibus
740 1464 973 1510 Salvatoris
997 1477 1280 1511 evacuaretur
1308 1467 1466 1514 adven-

93 1543 163 1579 tus
184 1571 195 1586 ‚
223 1534 299 1579 ubi
320 1533 406 1579 hoc
427 1551 654 1597 possumus
680 1533 824 1579 dicere
843 1533 963 1596 quod
983 1533 1036 1579 de
1058 1535 1170 1594 Lege
1194 1536 1302 1582 dicit
1319 1540 1462 1601 Apos-

94 1603 235 1659 tolus,
267 1625 287 1644 «
309 1604 353 1649 Si
388 1622 465 1667 per
497 1615 696 1649 naturam
732 1604 898 1663 justitia
921 1641 931 1660 ,
961 1621 1060 1663 ergo
1098 1606 1300 1652 Christus
1339 1610 1468 1667 gratis

95 1694 116 1717 ›>
132 1685 327 1720 mortuus
346 1686 407 1720 est
422 1675 458 1731 4,
474 1697 492 1716 n
507 1674 824 1730 refellebamus,
850 1686 897 1719 ut
916 1686 1181 1737 poteramus,
1198 1676 1240 1721 in
1260 1678 1468 1725 cordibus

93 1761 241 1790 eorum
257 1783 266 1799 ,
290 1746 366 1809 qui
393 1747 471 1792 ista
493 1746 727 1801 sentirent,
762 1756 811 1790 ut
832 1745 898 1791 his
922 1746 1127 1804 cognitis,
1156 1747 1281 1792 etiam
1307 1748 1379 1794 ille
1395 1787 1405 1803 ,
1432 1752 1466 1796 si

93 1815 185 1861 fieri
211 1828 352 1878 posset
376 1854 385 1864 .
418 1834 505 1862 non
534 1817 753 1862 lacessitus
788 1817 866 1862 ista
900 1816 1170 1869 emcnclaretz,
1197 1829 1325 1881 atque
1347 1820 1403 1865 ita
1424 1833 1466 1867 et

93 1887 306 1947 pernicies
342 1886 634 1932 destrueretur
665 1886 820 1931 erroris
842 1923 852 1942 ,
891 1896 932 1930 ct
966 1886 1156 1931 hominis
1193 1890 1466 1936 verecundiae

94 1967 357 2018 parceretur.
402 1957 483 2002 scd
511 1968 657 2020 postea
680 1974 810 2020 quam
846 1956 899 2001 ad
928 1974 1005 2002 nos
1027 1957 1181 2002 litterae
1206 1958 1259 2003 de
1286 1960 1465 2007 Oriente

93 2037 320 2080 venerunt,
344 2026 537 2072 eamdem
566 2044 737 2072 causant
766 2026 1030 2089 apertissime
1050 2027 1322 2084 ventilantes,
1344 2030 1464 2076 nullo

93 2096 224 2141 modo
246 2100 334 2156 jam
357 2097 667 2161 qualicumque
690 2096 927 2160 episcopali
952 2098 1210 2143 auctoritate
1227 2098 1368 2146 deesse
1384 2102 1464 2147 lic-

94 2167 232 2214 clesiae
253 2168 555 2214 debueramus.
589 2169 729 2213 Missae
754 2177 853 2213 sunt
877 2167 1022 2228 itaque
1043 2167 1199 2214 dehac
1225 2187 1270 2214 re
1287 2187 1334 2215 ex
1354 2170 1462 2217 duo-

92 2237 176 2282 bus
208 2239 402 2283 eonciliis
419 2276 429 2293 ‚
461 2238 792 2297 Carthaginensi
817 2248 856 2282 et
896 2236 1146 2282 Milevitano
1165 2238 1182 2266 5
1199 2276 1209 2293 ,
1237 2239 1463 2287 relationes

94 2308 146 2353 ad
181 2308 462 2370 apostolicam
498 2308 651 2353 Sedem
674 2346 684 2363 ,
719 2318 947 2370 antequam
987 2308 1116 2352 Gesta
1145 2308 1457 2367 ecclesiastica,

91 2377 251 2441 quibus
288 2377 405 2441 apud
442 2378 669 2440 episcopos
705 2377 946 2441 provinciae
987 2376 1230 2423 Pataestinae
1266 2380 1460 2440 Pelagius

91 2448 349 2512 perhibetur
375 2466 459 2494 esse
477 2459 711 2512 purgatas,
746 2447 813 2493 vel
841 2448 886 2493 in
912 2464 1062 2493 manus
1095 2460 1260 2495 nostras
1278 2487 1288 2506 ,
1317 2452 1384 2497 vel
1414 2452 1457 2497 in

144 2551 152 2570 ¹
172 2549 313 2580 'l‘imasio
337 2555 369 2580 et
393 2548 525 2579 Jacobo.
544 2566 588 2572 -
605 2546 620 2568 Ἰ
638 2547 706 2578 Lib.
727 2546 766 2577 ‹te
791 2547 913 2577 Natura
939 2552 969 2577 et
995 2547 1118 2581 Gratia.
1143 2566 1182 2572 -
1212 2545 1227 2570 3
1255 2549 1338 2582 Vide
1352 2551 1406 2582 lib.
1421 2551 1461 2583 de

93 2601 203 2637 Gratia
221 2605 335 2637 Clu-3213
354 2616 378 2634 e.
403 2606 457 2636 35.
480 2622 513 2628 ——
539 2601 671 2636 ⁴Calat.
696 2614 732 2640 u,
749 2613 801 2633 21.
820 2619 858 2624 —
879 2599 1008 2644 51·‘.3·i-t.
1034 2603 1096 2640 175
1112 2608 1142 2633 et
1168 2605 1241 2642 ¹7⁰·-

252 2673 415 2704 cxtvn.
1270 2657 1323 2706 31
