1799 3251
353 286 440 337 116
766 301 800 332 S.
845 300 1088 330 AUGUsTiM
1123 296 1326 329 EPISCOPI

347 370 380 416 si
408 387 475 415 eas
498 368 622 429 legit,
650 366 713 412 vel
751 366 919 412 aurium
946 366 978 410 si
1014 365 1197 411 audivit.
1229 364 1357 410 Videt
1392 373 1534 409 autem
1572 362 1716 409 animo

346 439 562 502 quidquid
594 437 741 496 liguris
762 436 1003 481 litterarum
1029 435 1195 480 sonisve
1227 434 1457 493 significari
1491 433 1710 480 intellexit.

346 510 474 556 Videt
494 510 628 571 ipsam
657 506 785 552 fldem
808 522 948 560 suam,
974 523 1060 568 qua
1079 522 1120 550 se
1144 504 1316 550 credere
1336 505 1424 549 sine
1440 504 1718 549 cunctatione

345 579 589 642 respondet.
620 576 749 621 Videt
769 576 1088 635 cogitationem,
1116 592 1202 637 qua
1223 575 1383 634 cogitat
1402 574 1506 637 quid
1526 575 1562 619 ei
1582 574 1716 637 possit

344 650 544 714 prodesse
559 647 675 711 quod
695 646 847 691 credit.
875 645 1001 691 Videt
1024 645 1316 700 voluntatem,
1348 662 1433 708 qua
1459 645 1636 690 accessit
1661 644 1711 689 ad

344 719 662 783 suscipiendam
679 717 940 777 religionem.
957 717 1083 762 Videt
1099 717 1226 762 etiam
1244 717 1378 779 ipsius
1396 715 1714 761 resurrectionis

343 790 576 854 quamdam
600 788 827 846 imaginem
849 788 893 832 in
918 787 1063 832 animo
1082 803 1157 831 suo
1172 785 1349 841 factam,
1371 787 1460 831 sine
1484 803 1569 848 qua
1591 785 1713 830 intel-

340 860 415 920 ligi
436 877 521 904 non
532 868 673 921 potest
693 857 910 920 quidquid
933 858 1095 902 factum
1121 856 1404 919 corporaliter
1427 855 1606 908 dicitur,
1628 855 1715 899 sive

341 929 544 976 credatur
562 966 571 983 ,
609 928 695 973 sive
721 945 804 972 non
831 927 1047 974 credatur.
1091 928 1175 972 Sed
1194 964 1204 982 ,
1236 937 1283 972 ut
1308 937 1414 989 puto
1438 963 1448 981 ‚
1488 925 1716 984 distinguis

341 998 561 1064 quomodo
583 997 727 1043 videat
750 997 881 1042 sidem
905 1014 1023 1043 suam
1049 1014 1134 1060 qua
1159 996 1314 1051 credit,
1339 1007 1380 1041 et
1397 995 1620 1059 quomodo
1645 995 1716 1040 vi-

342 1071 440 1115 deat
460 1068 576 1114 illam
605 1068 927 1113 resurrectionis
947 1070 1175 1127 imaginem
1205 1069 1248 1112 in
1271 1067 1416 1112 animo
1437 1083 1512 1111 suo
1536 1065 1715 1117 factam,

343 1157 493 1204 quam,
516 1139 547 1183 si
570 1139 654 1183 hoc
678 1137 815 1192 audit,
839 1138 956 1183 videt
982 1138 1108 1183 etiam
1136 1138 1210 1200 qui
1237 1155 1323 1182 non
1351 1136 1502 1182 credit,

410 1214 463 1257 X.
494 1210 603 1255 Haec
637 1225 736 1268 ergo
771 1209 915 1253 omnia
951 1208 1065 1253 videt
1087 1245 1097 1261 ‚
1125 1208 1283 1270 partim
1315 1224 1495 1269 corpore
1515 1244 1523 1259 ‚
1564 1207 1720 1269 partim

344 1291 501 1327 mente.
528 1278 804 1324 Voluntatem
833 1295 932 1323 vero
956 1282 1063 1337 ejus,
1093 1295 1114 1322 a
1137 1295 1223 1340 quo
1244 1277 1381 1333 audit,
1408 1288 1453 1322 ut
1483 1277 1660 1330 credat,
1682 1287 1722 1320 et

344 1354 481 1416 ipsam
507 1349 673 1395 Christi
701 1349 1053 1394 resurrectionem
1082 1366 1165 1393 non
1202 1348 1317 1393 videt
1337 1385 1346 1399 ,
1385 1347 1456 1392 sed
1489 1347 1655 1400 credit3
1683 1357 1723 1392 et

345 1435 491 1468 tamen
516 1437 608 1465 eam
636 1418 779 1464 videre
800 1419 962 1464 dicitur
986 1418 1175 1481 quodam
1202 1418 1354 1463 mentis
1377 1417 1570 1472 obtuitu,
1594 1417 1726 1475 magis

344 1491 582 1539 secundum
621 1491 963 1534 testimoniorum
1006 1488 1152 1534 tidem.
1178 1506 1309 1551 quam
1332 1505 1471 1533 rerum
1495 1488 1724 1551 praesentia

352 1563 631 1610 creditarum.
661 1559 739 1605 llla
774 1561 885 1605 enim
904 1598 914 1616 ,
941 1577 1041 1623 (lure
1077 1558 1193 1604 ridet
1215 1596 1224 1607 .
1253 1559 1410 1604 adsunt
1430 1559 1623 1604 sensibus
1661 1556 1727 1602 vel

352 1633 484 1680 animi
507 1632 573 1676 rel
598 1632 820 1693 corporis3
849 1648 948 1694 quae
971 1641 1111 1675 autem
1132 1629 1286 1683 credit,
1311 1631 1471 1675 absunt
1489 1648 1510 1674 a
1534 1628 1729 1673 sensibus

354 1715 395 1750 et
419 1702 547 1748 animi
563 1712 604 1746 tt
624 1701 832 1764 corporis.
861 1701 1070 1757 Quamvis
1091 1699 1287 1745 voluntas
1311 1704 1418 1759 ejus,
1442 1718 1461 1744 a
1483 1716 1570 1762 quo
1588 1696 1725 1750 audit,

359 1785 407 1820 ut
433 1772 580 1819 credat
599 1808 610 1827 ‚
633 1788 721 1816 non
757 1770 810 1816 sit
841 1771 1061 1834 praeterita
1081 1806 1090 1823 ‚
1126 1769 1194 1815 sed
1223 1781 1393 1815 maneat
1426 1770 1470 1814 in
1497 1769 1728 1831 loquente3

359 1861 490 1908 quam
514 1843 558 1888 in
579 1859 620 1886 se
643 1842 738 1904 ipso
762 1841 876 1886 idem
902 1841 992 1904 ipse
1012 1841 1088 1904 qui
1119 1840 1313 1903 loquitur
1338 1839 1453 1885 videt
1485 1857 1494 1884 :
1534 1839 1605 1885 ille
1630 1854 1732 1883 vero

362 1915 437 1978 qui
462 1912 601 1968 audit,
626 1929 712 1956 non
731 1928 823 1956 eam
849 1911 985 1966 videt,
1013 1910 1085 1956 sed
1109 1911 1262 1956 credit.
1290 1911 1564 1955 Resurrectio
1590 1919 1732 1953 autem

364 1983 532 2031 Christi
555 1982 774 2046 praeterita
801 1992 881 2037 est,
906 1998 1035 2044 quam
1072 1997 1150 2025 nec
1191 1980 1253 2025 illi
1279 1979 1481 2026 viderunt
1513 1980 1731 2030 homines,

365 2056 441 2118 qui
463 2065 564 2100 tunc
583 2052 773 2098 fuerunt.
799 2051 908 2096 Nam
930 2051 1006 2114 qui
1035 2050 1238 2096 viderunt
1258 2050 1470 2095 Viventem
1493 2048 1732 2102 Christum,

366 2143 493 2189 quem
518 2122 716 2169 riderant
742 2122 994 2166 morientem
1015 2158 1024 2176 ‚
1050 2121 1185 2183 ipsam
1210 2131 1347 2164 tamen
1383 2119 1736 2164 resurrectionem

368 2213 467 2241 cum
494 2196 612 2239 fieret
637 2210 725 2238 non
744 2191 963 2247 viderunt,
985 2191 1057 2237 sed
1077 2209 1168 2236 eam
1191 2190 1425 2235 certissime
1439 2189 1735 2242 crediderunt,

369 2264 556 2312 videndo
583 2274 623 2308 et
655 2262 869 2322 tangendo
895 2263 1072 2317 vivum,
1103 2278 1229 2324 quem
1258 2271 1467 2306 noverant.
1495 2270 1732 2305 mortuum.

371 2336 458 2380 Nos
481 2345 616 2379 totum
633 2332 866 2388 credimus,
887 2343 927 2377 et
947 2331 1065 2395 quod
1083 2331 1370 2385 resurrexerit,
1391 2341 1430 2376 et
1448 2329 1566 2393 quod
1587 2329 1641 2373 al)
1660 2328 1740 2372 lio-

371 2405 562 2450 minibus
599 2413 702 2447 tunc
743 2402 853 2447 vis-us
892 2413 934 2447 et
970 2412 1261 2447 contrectatus
1293 2400 1345 2445 sit
1369 2437 1379 2456 ‚
1414 2411 1455 2445 et
1479 2399 1597 2462 quod
1621 2413 1739 2443 nunc

371 2475 490 2520 vivat
514 2473 558 2517 in
582 2472 730 2528 coelis,
757 2488 834 2516 nec
855 2475 944 2530 jam
971 2472 1207 2526 moriatur,
1231 2481 1272 2515 et
1296 2487 1409 2515 mors
1436 2469 1495 2515 illi
1518 2469 1629 2515 ultra
1652 2484 1740 2512 non

373 2544 634 2590 dominetur.
664 2542 748 2585 Res
779 2552 921 2586 autem
947 2542 1039 2604 ipsa
1068 2558 1145 2586 nec
1171 2541 1365 2604 corporis
1391 2539 1525 2585 nostri
1549 2537 1743 2584 sensibus

373 2614 491 2662 adest
512 2649 523 2667 ‚
572 2610 682 2658 sicut
725 2609 841 2656 adest
878 2611 960 2658 hoc
996 2612 1155 2658 coelum
1205 2623 1244 2656 et
1284 2623 1392 2657 terra
1414 2630 1425 2667 ;
1468 2626 1544 2656 nec
1586 2618 1744 2655 nostrae
