1799 3251
356 253 416 306 ,4ο
778 269 810 297 s.
858 268 1094 297 auersum
1135 267 1334 297 Episcopi

356 332 456 378 vide
492 331 605 377 illius
646 331 933 377 derelictionis
961 369 971 385 ‚
1025 332 1314 377 tribulationis
1343 370 1352 379 .
1404 332 1721 396 deprecationis

357 403 501 449 fructu
523 401 628 465 quid
651 413 813 462 agatur,
835 401 939 464 quid
963 402 1217 457 insinuetur,
1243 402 1348 466 quid
1374 403 1719 459 commendetur,

356 472 462 536 quid
485 472 733 518 illustretur.
756 473 926 517 Intuere
945 471 1050 534 quid
1070 471 1260 530 legamus
1279 483 1396 518 tanto
1423 484 1518 518 ante
1533 474 1723 537 prophe-

358 553 495 589 tatum
513 580 522 598 ,
550 542 758 604 quidjam
784 558 1008 586 cernamus
1034 540 1275 603 impletum.
1314 543 1548 588 «Narrabo
1567 560 1724 589 nomen

358 634 378 655 )>
401 624 520 658 tuum
538 650 547 663 ,
571 612 740 674 inquit,
762 610 968 657 fratribus
993 611 1095 655 meis
1113 648 1122 664 ,
1150 611 1193 655 in
1216 611 1357 656 medio
1386 611 1590 657 Ecclesiae
1614 630 1724 659 can-

357 704 377 724 »
397 683 498 729 tabo
522 681 603 728 te¹.
628 704 647 723 ›>
665 683 830 727 Fratres
848 680 908 725 illi
934 690 1057 734 sunt,
1080 679 1306 743 dequibus
1323 681 1367 726 in
1392 681 1626 740 Evangelio
1646 682 1721 738 ait,

356 776 375 795 κ
395 753 534 809 Vade,
559 763 599 798 et
622 752 692 798 dic
711 751 918 797 fratribus
938 750 1041 795 meis
1061 750 1093 796 ⁵².
1120 771 1140 792 >2
1170 750 1361 795 Ecclesia
1390 750 1462 795 illa
1482 762 1568 806 est,
1591 768 1724 815 quam

354 823 485 870 modo
509 823 614 868 dixit
639 823 809 868 unicam
831 838 949 866 suam
974 838 984 865 ε
1013 819 1109 865 liaec
1126 831 1187 864 est
1208 820 1335 865 unica
1356 820 1603 875 Catholica,
1626 839 1726 884 quae

358 905 448 939 toto
487 894 591 939 orbe
623 893 796 956 copiosa
830 891 1112 941 diffunditur,
1156 907 1255 952 quae
1292 907 1426 954 usque
1461 891 1511 936 ad
1554 891 1727 937 ultimas

356 976 498 1024 gentes
536 963 764 1009 crescendo
801 963 1052 1026 porrigitur.
1091 961 1214 1006 [nde
1248 961 1291 1006 in
1328 960 1562 1021 Evangelio
1583 962 1693 1008 dicit
1714 980 1724 1007 :

357 1057 376 1075 «
398 1037 452 1080 Et
471 1034 786 1097 praedicabitur
805 1033 891 1078 hoc
913 1031 1195 1090 Evangelium
1227 1031 1269 1075 in
1302 1031 1499 1077 universo
1524 1032 1655 1087 orbe,
1684 1033 1727 1078 in

354 1126 375 1147 υ
397 1105 685 1150 testimonium
713 1104 915 1149 omnibus
939 1102 1165 1162 gentibus3
1188 1112 1228 1146 et
1252 1113 1355 1147 tune
1374 1103 1512 1147 veniet
1531 1103 1674 1148 1ῑηίεὸ.
1700 1123 1720 1143 »

424 1174 579 1221 XLIV.
623 1174 752 1230 Quod
786 1184 923 1218 autem
960 1172 1047 1227 ait,
1080 1193 1100 1212 «
1123 1171 1347 1226 Cantabo,
1374 1193 1393 1213 >³
1418 1171 1506 1217 hoc
1529 1182 1589 1216 est
1619 1170 1728 1217 illud

361 1245 578 1292 canticum
599 1261 759 1290 novum
777 1281 787 1291 .
815 1243 868 1288 de
888 1259 975 1305 quo
1000 1243 1043 1287 in
1066 1241 1147 1287 alio
1172 1241 1342 1287 Psalmo
1363 1240 1547 1296 dicitur,
1571 1263 1591 1282 «
1612 1242 1730 1287 Can-

362 1338 383 1358 »
409 1325 494 1361 tate
520 1315 708 1361 Domino
729 1314 950 1358 canticum
974 1328 1133 1357 novum
1154 1348 1165 1367 ‚
1193 1321 1364 1357 cantate
1383 1312 1571 1356 Domino
1595 1312 1733 1357 omnis

365 1408 386 1427 »
407 1383 553 1432 terr214.
579 1406 598 1426 »
617 1384 762 1429 Habes
776 1383 850 1428 hic
870 1393 1072 1445 utraque,
1090 1392 1131 1427 et
1154 1398 1242 1444 quo
1259 1381 1430 1427 cantico
1454 1392 1732 1427 cantaturum

364 1471 407 1500 se
429 1454 580 1500 dixerit
596 1490 606 1503 .
629 1464 669 1498 et
693 1454 736 1498 in
760 1456 885 1511 cujus
913 1452 1117 1497 Ecclesiae
1137 1451 1280 1496 medio
1303 1469 1313 1496 ι
1341 1451 1449 1497 illud
1467 1453 1655 1515 pertinet
1675 1451 1731 1497 ad

364 1541 528 1570 novum
553 1523 800 1577 canticum,
827 1522 924 1566 haec
947 1521 999 1566 ad
1028 1537 1200 1566 omnem
1227 1531 1398 1568 tetram.
1439 1523 1537 1585 lpse
1569 1523 1734 1585 quippe

365 1594 570 1640 cantatin
596 1593 723 1638 nobis
749 1596 873 1651 cujus
896 1592 1030 1651 gratia
1051 1601 1294 1646 cantamus,
1318 1592 1429 1637 sicut
1454 1593 1562 1638 dicit
1591 1596 1734 1656 Apos-

366 1663 507 1709 tolus:
531 1685 550 1703 «
570 1665 631 1708 An
660 1661 787 1707 vultis
820 1661 1160 1723 experimentum
1193 1667 1284 1720 ejus
1318 1663 1549 1725 accipere·
1582 1663 1658 1726 qui
1688 1663 1734 1707 in

367 1755 389 1775 ³)
408 1751 474 1779 me
506 1732 701 1796 loquitur
734 1732 766 1776 C
772 1730 997 1776 hristuss’.3
1018 1751 1038 1771 »
1073 1729 1266 1774 Medium
1302 1747 1401 1776 vero
1438 1731 1641 1777 Ecclesiae
1681 1732 1734 1777 ad

367 1803 642 1849 eminentiam
666 1801 828 1846 scilicet
846 1800 1020 1857 referas,
1037 1810 1079 1845 et
1097 1799 1147 1844 ad
1174 1800 1313 1862 ipsam
1328 1801 1734 1855 inanifestationen13

369 1873 471 1935 quia
498 1872 641 1916 omnia
662 1882 824 1933 quanto
843 1871 1002 1916 clarius
1025 1880 1128 1914 nota
1149 1881 1266 1925 suut,
1293 1881 1413 1916 tanto
1437 1873 1570 1932 magis
1588 1873 1631 1917 in
1651 1889 1737 1917 me-

367 1942 442 1988 dio
465 1958 551 1987 esse
576 1941 813 1986 dicuntur:
835 1940 905 1986 vel
932 1951 1046 1985 certe
1065 1939 1119 1984 ad
1138 1940 1358 1986 interiores
1376 1942 1581 1988 Ecclesiae
1601 1980 1612 1997 ,
1634 1942 1738 2005 quia

369 2012 574 2058 interiora
599 2022 698 2056 sunt
728 2011 883 2057 media.
909 2012 1056 2074 Neque
1076 2011 1187 2055 euim
1211 2011 1371 2067 omnis,
1395 2012 1469 2075 qui
1495 2012 1622 2058 labiis
1643 2029 1737 2076 per-

370 2093 514 2138 sonat,
538 2091 684 2126 cantat
705 2082 923 2126 canticum
944 2097 1102 2126 novum
1121 2100 1132 2133 3
1159 2081 1231 2126 sed
1250 2083 1326 2144 qui
1347 2099 1395 2127 eo
1424 2082 1552 2128 modo
1575 2094 1738 2138 cantat,

369 2162 418 2197 ut
440 2150 671 2214 Apostolus
697 2150 897 2196 admonet
934 2150 1109 2195 dicens:
1134 2171 1154 2190 α
1178 2151 1413 2197 Cantantes
1449 2163 1489 2197 et
1514 2151 1739 2215 psallentes

370 2222 454 2266 »in
479 2220 685 2265 cordibus
710 2221 857 2266 vestris
878 2221 1066 2265 Domino
1083 2221 1114 2266 ⁶.
1142 2241 1162 2261 ›>
1191 2222 1312 2266 Intus
1328 2223 1439 2266 enim
1457 2233 1518 2267 est
1534 2222 1621 2268 hoc
1639 2239 1741 2281 gau-

369 2290 522 2345 dium,
550 2289 625 2334 ubi
656 2306 732 2334 vox
769 2289 909 2335 laudis
944 2301 984 2335 et
1015 2290 1187 2334 canitur
1211 2301 1252 2335 et
1287 2291 1492 2347 auditum
1523 2309 1611 2356 qua
1633 2309 1740 2338 voce

367 2359 590 2414 laudatur,
614 2361 688 2421 qui
710 2361 837 2418 gratis
861 2359 1070 2405 amandus
1093 2371 1154 2405 est
1179 2371 1270 2405 toto
1290 2362 1439 2417 corde,
1463 2373 1552 2407 tota
1575 2363 1735 2418 anima,

370 2441 460 2475 tota
501 2439 665 2483 mente,
711 2441 1034 2492 amatoremque
1074 2446 1198 2475 suum
1245 2431 1442 2476 accendit
1472 2432 1516 2477 in
1541 2449 1582 2477 se
1604 2432 1739 2491 gratia

415 2528 427 2550 ¹
445 2527 524 2559 Psal.
540 2535 609 2566 xm,
628 2528 681 2558 23.
696 2545 735 2550 —
755 2526 769 2548 2
786 2530 882 2560 Joan.
899 2538 954 2571 xx,
979 2537 1029 2566 ¹7.
1043 2545 1083 2552 —
1101 2525 1114 2550 3
1131 2526 1467 2567 Matth.xx1v,14.—
1485 2527 1498 2552 ⁴
1513 2531 1593 2563 Psal.
1615 2542 1688 2568 xcv,
1706 2542 1742 2565 ῐ.

370 2600 411 2607 ——
426 2581 438 2605 ⁵
455 2594 472 2613 2
488 2583 563 2615 Cor.
580 2592 657 2619 xm,
681 2584 712 2617 3.
728 2601 773 2606 —
790 2580 804 2603 ὃ
819 2583 933 2626 Ephes.
953 2594 983 2626 v,
1006 2591 1055 2624 ¹9.
