1799 3251
345 240 401 270 22
748 242 781 270 S.
825 240 1064 270 AUGUSTINI
1102 239 1302 270 EPISCOPI

336 308 606 353 Testamento
628 344 638 362 ‚
678 305 855 370 quando
886 303 1248 356 commendabas,
1287 302 1459 348 nonnisi
1496 320 1518 349 a
1555 314 1596 349 te
1617 299 1712 367 peti

333 377 580 441 sperarique
606 377 763 423 debere
790 376 917 421 etiam
943 375 1081 437 ipsam
1103 385 1316 419 terrenam
1339 374 1711 437 temporalemque

339 447 584 494 felicitatem
607 468 618 501 ;
649 468 668 487 «
690 448 738 491 ln
767 457 803 491 te
831 455 1112 508 speraverunt
1143 456 1286 507 patres
1318 444 1481 499 nostri,
1507 461 1711 507 sperave-

344 540 364 560 »
383 529 485 564 runt
503 555 513 574 ,
543 529 585 563 et
612 517 756 562 eruisti
793 533 876 561 eos.
913 514 978 560 Ad
1000 524 1039 560 te
1066 514 1383 570 clamaverunt,
1411 525 1452 559 et
1474 514 1580 560 salvi
1603 514 1711 560 facti

344 611 363 631 »
388 599 487 635 sunt
508 606 518 633 ι
550 588 594 633 in
616 598 655 632 te
684 595 978 650 speraverunt,
1007 595 1048 630 et
1070 602 1156 629 non
1181 596 1281 630 sunt
1306 583 1520 631 confusi1.
1552 605 1572 626 »
1605 583 1713 631 Illos

343 660 507 723 quippe
534 668 676 721 patres
708 658 818 702 inter
847 655 1045 701 inimicos
1077 671 1174 700 suos
1211 655 1431 711 viventes,
1471 665 1512 700 et
1549 654 1714 700 divitiis

347 729 535 793 implesti
556 766 566 783 ,
594 739 635 774 et
650 728 705 772 ab
724 727 924 773 hostibus
946 725 1089 770 eruisti
1110 723 1397 788 gloriosasque
1420 724 1620 770 victorias
1643 741 1714 770 re-

344 810 517 863 portare
544 798 705 854 fecisti,
734 808 774 842 et
794 796 846 842 de
868 795 1045 841 diversis
1067 812 1137 840 eos
1154 795 1368 841 mortibus
1390 794 1602 841 liberasti.
1627 796 1714 840 Pro

342 871 424 916 alio
445 870 663 930 subjecisti
687 886 738 914 ne
761 867 976 922 feriretur,
994 866 1167 911 arietem
1184 867 1216 912 2.
1244 866 1389 912 Alium
1411 865 1464 912 de
1483 866 1716 930 putredine

338 959 489 987 sanum
507 977 517 998 ,
536 941 630 986 etei
645 940 778 1003 dupla
796 956 895 1002 quae
913 938 1109 983 amiserat
1139 936 1410 985 reddidisti-³.
1439 938 1584 984 Alium
1603 937 1717 983 inter

341 1012 481 1057 leones
502 1011 731 1056 esurientes
750 1010 934 1055 illaesum
947 1009 1251 1072 integrumque
1271 1008 1491 1055 servasti&
1517 1008 1715 1054 Aliorum

339 1085 449 1129 inter
473 1084 666 1128 flammas
702 1082 1075 1128 deambulantium
1116 1093 1236 1142 grata
1263 1098 1368 1128 voce
1388 1082 1588 1128 laudatus
1613 1098 1656 1127 es
1676 1081 1710 1128 5.

342 1154 446 1199 Tale
472 1153 636 1217 aliquid
667 1154 711 1198 in
746 1153 922 1198 Christo
953 1153 1241 1214 expectabant
1271 1152 1364 1198 fieri
1390 1153 1535 1199 Judaei
1558 1189 1568 1208 ‚
1601 1151 1718 1197 unde

342 1225 578 1288 probarent
609 1224 642 1268 si
666 1240 762 1269 vere
795 1223 925 1268 Filius
949 1223 1027 1268 Dei
1050 1234 1174 1270 esset.
1214 1224 1273 1269 Ex
1296 1241 1445 1270 eorum
1469 1240 1653 1287 persona
1673 1233 1712 1268 et

340 1297 384 1341 in
402 1296 514 1341 libro
526 1294 758 1358 Sapientiae
775 1294 953 1350 dicitur,
969 1316 988 1335 «
1011 1295 1149 1340 Morte
1174 1295 1428 1358 turpissima
1452 1294 1718 1341 condemne-

343 1388 361 1407 »
377 1383 471 1411 mus
486 1366 607 1412 illum
627 1383 636 1410 ε
668 1365 760 1410 Erit
777 1365 890 1410 enim
913 1377 1131 1428 respectus
1150 1367 1195 1411 in
1209 1367 1482 1421 sermonibus
1497 1366 1646 1429 ipsius.
1672 1363 1718 1410 Si

343 1460 362 1479 »
381 1437 494 1482 enim
517 1453 640 1481 verus
659 1436 739 1480 Dei
756 1436 888 1481 Filius
904 1446 982 1490 est,
1001 1436 1205 1499 suscipiet
1227 1453 1324 1482 eum
1339 1447 1380 1482 et
1400 1436 1606 1482 liberabit
1619 1452 1719 1483 eum

347 1529 367 1550 ›)
384 1507 437 1553 de
462 1507 660 1553 manibus
675 1506 1005 1553 contrariorum.
1025 1507 1132 1552 Haec
1150 1544 1161 1562 ,
1189 1507 1331 1570 inquit
1346 1544 1356 1562 ‚
1384 1506 1683 1566 cogitaverunt
1703 1522 1715 1550 ς

356 1601 375 1620 »
391 1589 432 1623 et
446 1588 696 1623 erraverunt
708 1587 721 1631 ’;
745 1577 975 1622 excaecavit
989 1577 1102 1622 enim
1116 1594 1186 1622 eos
1201 1577 1365 1623 malitia
1392 1593 1540 1623 eorum
1556 1577 1590 1623 ⁶.
1602 1599 1620 1618 υ
1637 1577 1721 1622 At-

347 1647 564 1694 tendentes
581 1648 746 1710 quippe
766 1657 936 1709 tempus
947 1646 1110 1691 Veteris
1133 1648 1415 1701 Testamenti,
1434 1658 1475 1693 et
1493 1647 1610 1692 illam
1638 1664 1719 1709 pa-

350 1730 464 1764 trum
484 1717 612 1762 etiam
641 1716 918 1780 temporalem
936 1716 1203 1773 felicitatem,
1220 1718 1263 1763 in
1278 1735 1364 1781 qua
1379 1718 1463 1763 illis
1477 1716 1720 1764 exhibenda

346 1789 655 1835 demonstravit
672 1789 782 1832 Deus
800 1788 925 1833 etiam
948 1788 1049 1833 talia
1064 1786 1177 1833 dona
1195 1805 1270 1833 sua
1292 1805 1392 1844 esse,
1408 1806 1496 1834 non
1514 1788 1720 1835 viderunt

344 1863 434 1919 jam
464 1875 548 1903 esse
585 1869 754 1920 tempus
779 1874 865 1920 quo
890 1858 1146 1903 revelaretur
1178 1859 1222 1903 in
1262 1858 1439 1904 Christo
1459 1895 1470 1916 ‚
1510 1859 1626 1904 bona
1656 1874 1720 1904 ae-

352 1941 470 1974 terna
490 1928 665 1991 proprie
688 1928 827 1972 Deum
848 1929 1188 1989 praestarejustis
1202 1965 1212 1985 ,
1231 1929 1308 1992 qui
1328 1928 1443 1975 bona
1464 1927 1719 1992 temporalia

354 2008 528 2062 praestat
547 2008 588 2042 et
610 1997 768 2060 impiis.

416 2069 537 2116 XXI.
571 2068 764 2131 Denique
795 2085 893 2114 cum
916 2067 1086 2115 dixisset
1113 2088 1123 2115 ε
1155 2092 1174 2111 «
1200 2071 1250 2116 Iu
1274 2082 1315 2117 te
1340 2080 1621 2135 speraverunt
1637 2087 1722 2133 pa-

352 2160 372 2180 »
396 2149 480 2183 tres
505 2138 639 2183 nostri
656 2175 666 2192 ,
688 2149 989 2200 speraverunt,
1017 2150 1058 2184 et
1078 2142 1223 2186 eruisti
1248 2159 1329 2188 eos.
1356 2141 1424 2187 Ad
1446 2152 1486 2186 te
1502 2140 1722 2186 clamave-

356 2230 374 2251 >³
400 2219 523 2262 runt,
549 2208 712 2255 etsalvi
735 2207 835 2254 facti
861 2220 959 2254 sunt
978 2230 988 2262 ;
1010 2210 1053 2254 in
1070 2221 1108 2255 te
1124 2223 1428 2273 speraverunt,
1452 2221 1492 2257 ct
1515 2228 1603 2256 non
1622 2219 1723 2256 sunt

356 2301 376 2320 »
401 2277 597 2331 confusi3
619 2300 637 2319 »
655 2278 752 2324 vide
769 2279 873 2341 quid
895 2279 1136 2337 adjunxerit
1159 2299 1169 2326 :
1199 2303 1219 2322 «
1242 2286 1331 2342 Ego
1353 2294 1494 2328 autem
1517 2298 1610 2327 sum
1628 2297 1722 2327 vei·-

355 2371 375 2391 »
401 2348 500 2401 mis,
529 2358 570 2393 et
600 2365 687 2393 nou
707 2348 884 2395 homo⁷.
911 2371 930 2390 »
957 2350 1087 2405 Quod
1110 2351 1280 2397 videtur
1314 2352 1490 2415 quidem
1516 2350 1572 2396 ad
1595 2367 1722 2396 com-

353 2417 643 2464 mendandam
678 2418 968 2464 humilitatem
1004 2420 1258 2483 simpliciter
1294 2422 1488 2478 dictum,
1523 2432 1572 2467 ut
1602 2437 1644 2466 se
1675 2419 1722 2465 in

398 2521 405 2540 ¹
428 2519 508 2552 Psal.
528 2530 594 2556 xxx,
611 2521 641 2557 5,
657 2520 688 2549 6.
710 2537 752 2543 --
771 2518 785 2541 ²
803 2522 884 2552 Gen.
903 2531 989 2563 xxrr,
1016 2523 1069 2554 13.
1094 2540 1135 2546 —-
1158 2520 1172 2544 ³
1199 2523 1273 2556 Job.
1291 2535 1375 2561 xmr,
1398 2534 1447 2556 10.
1465 2541 1506 2547 ——
1523 2520 1536 2545 ⁴
1553 2525 1634 2554 Dan.
1652 2532 1721 2560 xxv,

348 2577 398 2606 30.
417 2591 462 2597 —
481 2572 495 2597 ⁵
516 2574 566 2606 Id.
591 2586 640 2616 ιιι,
662 2576 717 2608 51.
737 2592 779 2598 —-
794 2572 808 2595 ὅ
822 2578 894 2618 Sap.
912 2587 949 2619 u,
968 2587 1021 2609 20.
1038 2594 1082 2601 --
1103 2576 1115 2598 ⁷
1134 2579 1215 2612 Psat.
1231 2590 1300 2622 xxi,
1323 2580 1394 2618 5-7.
