1799 3251
351 295 438 352 154
753 309 788 337 s.
832 305 1072 338 Avensa-mi
1106 303 1308 336 Episcom

341 375 545 437 digneris,
573 384 623 421 ut
644 374 840 434 ignoscat
858 372 967 418 mihi
993 373 1026 417 si
1050 370 1158 435 quid
1183 370 1337 415 durius
1371 379 1413 415 et
1452 367 1642 433 asperius
1669 367 1715 414 in

342 465 385 494 se
396 447 566 494 dictum
586 444 757 508 accepit
774 443 819 489 in
837 460 885 488 ea
900 441 1096 505 epistola,
1116 457 1248 504 quam
1272 457 1341 485 me-
1352 439 1483 485 modo
1499 439 1721 502 scripsisse

344 535 432 564 non
457 516 660 580 poenitet,
678 514 780 578 quia
804 513 891 558 dixi
922 513 1044 558 istius
1075 510 1268 574 corporis
1294 509 1442 555 oculos
1473 526 1551 555 nec
1574 508 1723 554 videre

347 589 512 642 Deum,
540 602 621 631 nec
646 601 732 630 esse
772 583 953 630 visuros.
997 582 1181 626 Causam
1224 580 1390 643 quippe
1425 578 1601 639 adJ'unxi
1641 591 1721 624 cur

345 659 432 704 hoc
449 657 646 712 dixerim,
668 671 721 701 ne
738 654 898 700 scilicet
911 656 1026 699 Deus
1039 653 1130 716 ipse
1145 667 1379 714 corporeus
1395 667 1482 696 esse
1498 649 1717 706 credatur,

346 740 387 776 et
411 729 454 774 in
473 728 557 774 loci
578 728 717 791 spatio
735 725 1047 788 intervalloque
1071 722 1265 769 visibilis.
1299 721 1422 767 Nihil
1445 721 1559 767 enim
1577 720 1723 772 videre

345 799 467 851 aliter
492 798 612 844 istius
632 797 828 859 corporis
850 795 1000 841 oculus
1021 804 1176 857 potest.
1203 794 1257 837 Et
1281 810 1334 838 ne
1353 791 1464 837 illud
1483 790 1603 855 quod
1623 789 1724 836 dic-

348 881 440 916 tum
465 879 525 914 est
548 887 558 913 ι
582 890 602 909 α
622 868 747 913 Facie
775 867 828 912 ad
857 867 1009 912 faciem
1032 864 1069 920 4,
1096 886 1118 905 ³>
1141 865 1199 910 sic
1220 863 1477 927 accipiatur,
1514 873 1724 926 tanquam

343 939 565 986 membriis
589 937 790 1002 corporis
821 936 1075 982 terminatus
1117 935 1170 981 sit
1197 935 1327 980 Deus.
1377 933 1483 982 Ideo
1518 949 1586 978 me
1621 947 1724 992 ergo

346 1010 499 1056 dixisse
521 1009 633 1055 illud
652 1026 738 1054 non
764 1009 967 1072 poenitet,
1000 1025 1053 1053 ne
1073 1006 1126 1052 de
1149 1006 1244 1070 ipso
1263 1006 1354 1051 Deo
1369 1003 1605 1068 tamimpie
1627 1017 1729 1049 sen·-

348 1081 505 1126 tiamns
529 1090 578 1125 ut
599 1096 696 1125 eum
724 1096 811 1124 non
840 1079 1003 1142 ubique
1028 1088 1187 1133 totum,
1220 1076 1293 1122 sed
1309 1093 1387 1139 per
1407 1075 1564 1121 localia
1589 1073 1731 1138 spatia

347 1147 609 1196 divisibilem
651 1149 954 1194 existimemus.
1001 1147 1126 1192 Talia
1164 1147 1332 1209 quippe
1356 1145 1426 1192 his
1467 1144 1606 1190 oculis
1645 1158 1731 1189 no-

347 1221 505 1266 vimus

416 1290 474 1336 ll.
502 1290 719 1335 Caeterum
744 1288 855 1334 nihil
881 1289 963 1334 tale
995 1288 1049 1334 de
1079 1291 1173 1334 Deo
1201 1288 1402 1343 sentiens,
1431 1285 1504 1332 sed
1529 1301 1628 1332 eum
1657 1284 1732 1331 in·-

352 1359 708 1405 commutabilem
743 1370 784 1404 et
807 1358 1126 1422 incorporalem
1156 1358 1357 1421 spiritum
1398 1356 1566 1420 ubique
1591 1366 1733 1402 totum

356 1448 443 1476 esse
457 1430 652 1484 credens,
678 1431 710 1475 si
730 1441 894 1476 tantam
920 1431 1150 1493 quisquam
1173 1429 1458 1474 mutationem
1476 1427 1608 1486 hujus
1626 1444 1729 1472 cor-

357 1502 478 1565 poris
500 1500 691 1546 futuram
716 1511 860 1563 putat,
885 1518 985 1546 cum
1014 1517 1061 1545 ex
1081 1499 1258 1545 animali
1278 1498 1407 1544 fuerit
1442 1497 1653 1561 spiritale,
1687 1507 1736 1542 ut

359 1572 484 1617 etiam
511 1571 796 1616 substantiam
818 1570 1155 1634 incorporalem,
1178 1570 1475 1615 nonlocorum
1494 1567 1736 1613 intervallis

364 1641 432 1686 vel
461 1640 608 1703 spatiis
635 1639 915 1696 divisibilem,
941 1640 1007 1686 vel
1028 1641 1158 1685 etiam
1184 1640 1480 1686 membrorum
1505 1637 1738 1684 lineamen-

355 1712 404 1757 tis
429 1729 477 1756 ac
517 1711 678 1756 finibus
708 1711 999 1764 terminatam,
1041 1711 1113 1756 sed
1149 1711 1314 1775 ubique
1354 1720 1509 1761 totam,
1552 1726 1630 1772 per
1655 1707 1738 1754 tale

356 1799 514 1845 corpus
540 1781 683 1826 videre
718 1783 959 1844 possimus3
983 1781 1080 1827 volo
1107 1792 1154 1827 ut
1196 1799 1262 1826 me
1287 1781 1470 1835 doceat,
1511 1779 1545 1824 si
1584 1795 1735 1824 verum

357 1852 500 1914 sapit:
529 1851 561 1895 si
581 1862 721 1896 autem
744 1852 785 1896 in
828 1853 914 1898 hoc
939 1853 1095 1898 falsum
1135 1853 1279 1908 sentit,
1316 1851 1442 1911 longe
1472 1849 1741 1895 tolerabilius

358 1932 420 1967 est
455 1921 628 1984 corpori
664 1921 829 1984 aliquid
872 1939 1095 1981 arrogare,
1123 1939 1253 1986 quam
1282 1923 1370 1966 Deo
1388 1920 1606 1979 derogare.
1638 1919 1693 1964 Et
1706 1918 1740 1964 si

357 2008 451 2037 vera
474 2002 534 2036 cst
552 1992 627 2036 ista
644 1992 867 2046 sententia,
889 2010 976 2037 non
992 1993 1071 2037 erit
1089 1992 1305 2037 contraria
1327 1991 1470 2036 verbis
1491 1990 1611 2044 meis,
1637 2005 1740 2053 quae

355 2061 401 2108 'in
424 2062 496 2107 illa
521 2061 699 2124 epistola
729 2062 868 2124 posui.
895 2063 1023 2107 Istius
1047 2079 1234 2125 namque
1260 2061 1458 2124 corporis
1482 2058 1630 2105 oeulos
1647 2057 1736 2104 dixi

361 2150 448 2178 non
464 2131 630 2176 visuros
651 2132 808 2188 Deum,
829 2132 913 2177 hoc
935 2132 1105 2177 intuens
1124 2132 1243 2196 quod
1265 2132 1388 2177 istius
1411 2129 1611 2193 eorporis
1625 2127 1742 2175 oculi
1770 2140 1777 2143 ”

361 2203 538 2248 omnino
578 2220 665 2247 non
696 2214 876 2265 possunt
907 2221 1078 2248 cernere
1111 2203 1191 2248 nisi
1220 2220 1431 2266 corpora,
1460 2217 1559 2265 quae
1602 2200 1656 2245 ab
1685 2199 1744 2244 eis

362 2273 506 2335 aliquo
529 2272 611 2318 loci
631 2273 857 2319 intervallo
878 2284 1070 2337 separata
1087 2285 1187 2319 sunt
1214 2291 1223 2318 :
1246 2290 1345 2318 nam
1366 2273 1398 2318 si
1423 2271 1593 2317 nullum
1610 2270 1745 2316 inter-

366 2343 527 2388 vallum
551 2344 622 2398 sit,
651 2360 728 2388 nec
749 2343 842 2407 ipsa
866 2361 1050 2407 corpora
1070 2361 1147 2407 per
1167 2361 1236 2389 eos
1261 2343 1471 2389 videmus.

428 2415 509 2459 ΙΙΙ.
528 2414 664 2459 Porro
681 2425 823 2460 autem
845 2415 877 2460 si
897 2415 940 2460 in
961 2425 1122 2460 tantam
1142 2415 1205 2460 sui
1227 2412 1620 2463 dissimilitudinem
1644 2428 1742 2463 nos-

363 2496 427 2530 tra
443 2501 628 2547 corpora
647 2486 957 2541 mutabuntur,
976 2497 1023 2531 ut
1049 2485 1196 2531 oculos
1219 2486 1428 2541 habeant,
1453 2501 1530 2548 per
1554 2500 1662 2547 quos
1679 2481 1743 2527 vi-

366 2555 520 2601 deatur
534 2554 605 2600 itta
626 2557 994 2622 substantia5quae
1006 2574 1094 2603 non
1115 2574 1190 2620 per
1203 2557 1397 2604 locorum
1411 2555 1551 2624 spatia
1572 2553 1640 2603 vel
1655 2551 1746 2600 dif-

411 2639 421 2661 ¹
446 2650 457 2669 1
476 2639 547 2670 Cor.
568 2648 641 2676 xvii,
660 2650 709 2668 12.
