1799 3251
584 309 790 340 EPISTOLA
826 309 986 340 ctxvu.
1384 290 1474 360 347

104 399 124 421 ι)
142 390 182 425 et
204 377 434 425 intendatis
452 376 496 421 in
516 389 613 421 eum
635 373 712 437 qui
732 372 910 419 indutus
946 384 1008 419 est
1034 384 1148 419 veste
1179 374 1409 437 praeclara,
1434 384 1475 421 et

71 493 77 500 ‚
103 471 127 494 »
149 449 302 495 dicatis
314 448 350 493 ei
368 466 378 491 ε
399 448 468 492 Tu
487 445 583 491 sede
600 445 674 490 hic
691 444 824 497 bene3
846 443 1029 506 pauperi
1049 454 1191 489 autem
1211 444 1389 490 dicatis:
1409 446 1477 491 Tu

105 540 127 564 2>
150 517 334 575 staillic‚
350 528 440 572 ειη,
466 516 576 561 Sede
595 515 676 560 sub
705 514 898 559 scabello
923 514 1085 576 pedum
1102 530 1314 569 meorum,
1338 531 1481 560 nonne

105 608 128 633 n
145 588 353 648 J'udicatis
375 586 493 650 apud
521 585 820 646 vosmetipsos,
846 595 887 629 et
921 583 1024 629 facti
1047 584 1144 629 estis
1167 584 1339 643 judices
1358 585 1482 644 cogi-

107 679 130 703 »
150 658 366 704 tationum
401 657 681 719 iniquarum?
700 653 878 709 Audite,
907 652 1058 698 fratres
1086 653 1170 698 mei
1196 654 1481 710 dilectissimi,

107 747 130 771 n
150 740 294 773 nonne
322 729 437 772 Deus
460 726 589 785 elegit
617 740 828 788 pauperes
852 724 896 769 in
936 723 1024 768 hoc
1051 724 1234 778 inundo,
1261 723 1416 769 divites
1438 724 1484 768 in

109 819 131 840 »
153 798 311 852 fide‚et
334 795 530 842 haeredes
558 795 695 855 regni,
718 794 839 857 quod
869 793 1115 856 repromisit
1133 794 1246 838 Deus
1263 793 1487 852 diligenti-

109 867 240 913 n‘bus
258 869 329 913 se?
356 866 441 911 Vos
465 876 607 911 autem
623 864 934 909 exhonorastiis
948 879 1185 926 pauperem
1209 862 1248 918 1;
1273 873 1491 925 »propter

111 937 237 983 illum
260 936 422 982 scilicet
446 936 518 981 cui
535 935 703 980 dictum
734 946 796 980 est
823 952 834 978 :
866 955 886 975 (ι
903 934 978 978 Sta
999 934 1113 978 illic:
1133 955 1152 974 ³>
1173 949 1273 978 cum
1309 931 1491 978 habenti

115 1006 329 1052 annulum
351 1021 527 1051 aureum
547 1005 712 1050 dictum
733 1015 862 1050 esset:
893 1024 914 1045 <‹
934 1005 1002 1049 Tu
1023 1003 1121 1049 sede
1143 1003 1218 1048 hic
1240 1004 1363 1049 bene.
1389 1024 1408 1044 »
1429 1004 1492 1048 Ac

112 1075 268 1122 deinde
285 1075 496 1138 sequitur,
516 1074 743 1120 eamdem
732 1091 871 1137 ipsam
897 1074 1092 1118 sementi
1087 1091 1152 1118 un
1171 1074 1197 1118 l
1191 1074 1300 1118 ttius
1321 1089 1492 1118 xersans

116 1157 159 1192 et
178 1146 433 1209 explicans:
450 1166 471 1187 «
492 1146 664 1197 Nonne,
693 1145 853 1208 inquit.
878 1144 1032 1190 divites
1056 1162 1135 1207 per
1154 1144 1391 1222 potentiam
1416 1159 1494 1205 op-

121 1217 358 1280 »piimunt
384 1232 476 1270 vos,
505 1226 547 1261 et
574 1215 756 1260 trahunt
787 1213 843 1260 ad
871 1214 1110 1274 judiciam
1096 1215 1278 1259 Nonne
1267 1215 1350 1276 ipsi
1380 1213 1494 1261 hlas-

117 1307 138 1329 »
161 1287 374 1350 phemant
410 1287 576 1330 bonum
606 1301 781 1340 nomen,
823 1285 943 1347 quod
982 1286 1234 1330 invocatum
1271 1295 1331 1328 est
1366 1293 1497 1346 super

118 1359 258 1402 nvos?
289 1356 335 1401 Si
371 1355 549 1418 quidem
588 1355 724 1415 legem
762 1355 972 1417 perficitis
1008 1355 1189 1414 regalem
1211 1391 1220 1408 ‚
1259 1353 1498 1399 secundum

119 1448 141 1469 »
168 1426 441 1488 Scripturam
462 1462 473 1481 ‚
501 1424 660 1484 Diliges
692 1425 939 1486 proximum
966 1435 1089 1470 tuum
1119 1425 1231 1469 sicut
1256 1434 1297 1468 te
1332 1424 1497 1485 ipsum,

119 1518 140 1540 1>
159 1497 270 1542 bene
286 1495 441 1541 facitis,
469 1495 514 1540 Si
528 1505 669 1540 autem
691 1511 892 1557 personas
912 1495 1125 1558 accipitis,
1153 1505 1381 1557 peccatum
1396 1509 1498 1555 ope-

121 1582 142 1611 ›·>
166 1566 342 1621 mutini,
368 1564 588 1624 redarguti
621 1583 643 1610 a
680 1565 771 1624 lege
796 1565 918 1627 quasi
944 1576 1270 1623 transgressores
1290 1564 1323 1610 ².
1347 1585 1368 1605 n
1387 1561 1501 1607 Vid'e

117 1635 488 1702 ‘quemadmodum
517 1647 844 1695 transgressores
874 1635 974 1695 legis
1004 1635 1224 1698 appellat,
1253 1634 1327 1697 qui
1349 1633 1504 1678 dicunt

122 1708 272 1762 diviti,
307 1728 328 1748 α
361 1706 470 1751 Sede
500 1706 600 1760 hic,
630 1727 650 1746 n
686 1716 727 1750 et
748 1707 931 1768 pauperi
954 1742 965 1757 ,
993 1726 1012 1746 α
1043 1707 1117 1750 Sta
1143 1705 1247 1751 illic.
1283 1725 1301 1745 »
1322 1703 1429 1749 Vide
1446 1714 1499 1748 ne

123 1787 328 1843 putarent
354 1775 685 1839 contemptibile
707 1793 792 1821 esse
812 1786 1059 1839 peccatum,
1083 1776 1128 1820 in
1152 1775 1237 1820 hac
1264 1791 1349 1820 una
1374 1790 1417 1819 re
1436 1772 1503 1818 le-

125 1864 222 1910 gem
249 1846 513 1906 transgredi,
542 1857 713 1891 secutus
749 1846 972 1904 adjunxit,
1003 1867 1020 1885 α
1052 1845 1333 1907 Quicumque
1364 1853 1505 1888 autem

129 1934 150 1961 »³
172 1928 306 1964 totam
327 1918 481 1976 Legem
502 1916 759 1971 servaverit,
783 1915 975 1960 offendat
1005 1926 1146 1960 autem
1170 1914 1215 1959 in
1240 1930 1345 1966 uno⁷
1369 1912 1510 1958 factus

129 2011 151 2032 ))
169 1999 232 2035 est
255 1987 449 2033 omnium
483 2003 591 2032 reus.
625 1986 713 2042 Qui
744 1986 860 2030 enim
897 1986 1003 2030 dixit
1025 2003 1034 2030 ε
1062 1986 1157 2030 Non
1183 1983 1503 2038 moechaberis,

132 2081 153 2102 ›)
175 2058 283 2105 dixit
302 2068 343 2102 et
361 2073 371 2101 ι
390 2058 489 2102 Non
512 2055 697 2101 occides.
723 2055 853 2112 Quod
881 2055 912 2100 si
938 2072 1023 2100 non
1049 2054 1237 2107 occides,
1270 2051 1508 2098 moecharis

133 2151 154 2172 n
175 2139 319 2175 autem
335 2162 346 2182 ,
377 2125 516 2172 factus
543 2143 586 2171 es
610 2136 894 2185 transgressor
919 2125 1021 2184 legis
1041 2144 1052 2177 3
1075 2146 1093 2164 »
1114 2133 1295 2186 propter
1319 2122 1364 2167 id
1390 2120 1511 2185 quod

133 2200 323 2251 dixerat,
350 2218 370 2238 «
389 2195 630 2255 Redarguti
657 2195 814 2254 alege,
839 2195 961 2258 quasi
987 2205 1332 2252 transgressores.
1361 2213 1381 2233 »
1400 2191 1513 2247 Quae

135 2284 235 2316 cum
253 2268 313 2314 ita
328 2267 436 2322 sint,
465 2282 730 2329 consequens
756 2266 930 2311 videtur
949 2265 1054 2312 (nisi
1080 2265 1162 2309 alio
1190 2262 1319 2308 niodo
1349 2261 1512 2306 intelli-

135 2338 324 2399 gendum
349 2336 633 2395 ostendatur)
666 2345 713 2381 ut
735 2337 812 2398 qui
836 2335 991 2380 dixerit
1009 2334 1166 2381 diviti.
1195 2354 1215 2373 «
1240 2332 1348 2377 Sede
1369 2330 1470 2386 hic,
1494 2351 1515 2372 »

139 2420 181 2455 et
201 2407 414 2472 pauperi,
439 2426 460 2447 c<
492 2405 699 2462 stanno,
734 2425 754 2447 υ
782 2406 889 2452 huic
919 2423 1006 2451 non
1027 2405 1270 2459 honorem,
1300 2412 1429 2465 quem
1455 2367 1518 2446 illi

140 2479 360 2531 deferens,
395 2488 438 2522 et
473 2476 735 2530 idololatra,
773 2487 815 2522 et
848 2475 1158 2538 blasphemus,
1192 2484 1233 2518 et
1268 2471 1454 2526 adulter,
1478 2480 1519 2515 et

142 2547 398 2604 homicida,
430 2557 473 2592 et
502 2563 555 2592 ne
582 2544 731 2609 (quod
753 2546 931 2607 longum
960 2546 1048 2607 est)
1074 2554 1233 2591 cuncta
1253 2550 1523 2589 commemo-

194 2634 204 2653 ¹
225 2630 341 2665 Jacob,
361 2641 401 2671 υ,
422 2627 571 2661 1-5.—²
592 2628 677 2662 1bid.
697 2631 772 2670 6-9.
