1799 3251
349 258 409 313 58
769 274 804 304 s.
847 271 1094 305 mensum
1127 272 1331 306 EPISCOPI

348 347 624 394 saturantur3
653 339 860 403 quoniam
886 357 973 385 non
1003 339 1243 387 imitantur.
1279 339 1592 387 Manducantes
1606 335 1720 385 enim

350 427 585 474 pauperem
605 447 615 466 ,
655 409 945 469 dedignantur
985 427 1069 455 esse
1101 428 1349 474 pauperes:
1387 411 1491 475 quia
1520 410 1722 456 Christus

349 498 432 544 pro
467 481 593 526 nobis
615 497 764 543 passus
789 490 850 525 est
869 518 879 536 ‚
907 480 1151 543 relinquens
1175 482 1302 527 nobis
1328 481 1570 544 exemplum
1593 491 1642 526 ut
1660 496 1720 525 se-

352 567 538 615 quamur
560 552 734 610 vestigia
751 552 887 610 ejus¹.
920 551 1223 598 Verumtamen
1249 552 1363 615 quod
1386 550 1635 597 humiliavit
1652 567 1722 596 se-

352 622 582 686 metipsum
609 659 618 677 ,
656 621 796 668 factus
819 621 1023 668 obediens
1050 639 1185 685 usque
1215 622 1270 668 ad
1295 633 1476 668 mortem
1498 658 1508 675 ,
1537 630 1722 666 mortem

353 704 495 739 autem
535 692 699 748 crucis,
734 703 1018 756 aspernantur
1057 692 1213 738 divites
1229 730 1239 749 ,
1280 704 1322 738 et
1362 691 1518 738 similia
1554 689 1725 755 perpeti

352 774 591 827 respuunt,
622 775 788 809 tumore
805 801 814 819 ‚
845 781 930 809 non
967 763 1290 823 magnitudine3
1315 762 1567 809 infirmitate
1587 777 1687 821 ergo
1710 797 1721 815 ‚

354 853 440 881 non
479 838 671 881 sanitate.
719 835 802 880 Sed
839 835 940 898 quia
971 836 1085 881 Deus
1109 835 1310 881 excitavit
1335 851 1432 880 eum
1461 851 1485 878 a
1517 833 1722 887 mortuis,

353 917 396 952 et
424 906 602 951 donavit
626 907 663 952 ei
697 923 853 951 nomen
873 943 882 959 ‚
917 905 1035 969 quod
1073 917 1134 951 est
1163 923 1291 969 super
1315 921 1441 951 omne
1464 921 1622 950 nomen
1644 940 1655 960 ,
1679 912 1728 948 ut

353 979 397 1023 in
425 977 598 1023 nomine
632 977 733 1022 Jesu
769 977 972 1022 flectatur
1008 994 1134 1022 omne
1171 993 1282 1037 genu
1306 1013 1316 1032 ,
1345 975 1587 1022 coelestium
1612 1012 1622 1030 ‚
1647 984 1729 1019 ter-

352 1047 551 1093 restrium
566 1083 576 1101 ,
601 1057 641 1092 et
671 1045 939 1092 infernorum
958 1047 974 1075 2
996 1067 1006 1101 ;
1039 1046 1154 1093 fama
1177 1045 1441 1093 celsitudinis
1461 1049 1552 1106 ejus
1573 1053 1616 1089 et
1633 1043 1729 1104 glo-

354 1117 417 1162 ria
439 1116 624 1161 nominis
663 1120 755 1175 ejus
782 1116 825 1161 in
868 1118 1059 1163 Ecclesia
1094 1134 1405 1181 usquequaque
1444 1116 1599 1162 diffusa
1633 1131 1730 1177 per-

353 1186 458 1233 moti
485 1197 525 1232 et
548 1186 629 1249 ipsi
650 1187 829 1232 veniunt
847 1187 898 1233 ad
926 1205 1133 1245 mensam,
1162 1189 1431 1234 manducant
1451 1198 1491 1233 et
1513 1186 1725 1233 adorant:

355 1275 444 1303 non
469 1268 612 1302 tamen
634 1268 850 1303 saturatur
867 1296 876 1311 ,
904 1258 1006 1321 quia
1033 1276 1120 1304 non
1144 1259 1340 1305 esuriunt
1360 1269 1401 1304 et
1425 1258 1575 1303 sitiunt
1595 1255 1731 1317 justi-

357 1330 486 1375 tiam:
518 1329 621 1374 tales
639 1330 751 1375 enim
780 1332 1092 1377 saturabuntur
1107 1332 1138 1378 3.
1169 1332 1435 1394 Quanquam
1459 1329 1651 1394 perfecta
1668 1346 1731 1374 sa-

359 1399 509 1446 turitas
528 1399 571 1444 in
597 1399 669 1445 illa
691 1401 778 1446 vita
799 1412 957 1446 aeterna
980 1402 1077 1457 erit,
1101 1418 1202 1447 cum
1230 1401 1373 1446 exista
1389 1399 1732 1464 peregrinatione

355 1470 598 1515 venerimus
620 1487 667 1514 ex
682 1469 766 1515 fide
791 1470 844 1516 ad
869 1471 1055 1534 speciem
1076 1509 1086 1527 ,
1114 1471 1168 1517 ab
1189 1471 1367 1534 speculo
1387 1469 1441 1516 ad
1466 1470 1619 1515 facicm
1640 1506 1650 1524 ‚
1677 1468 1732 1514 ab

359 1540 585 1599 aenigmate
621 1540 675 1585 ad
700 1541 975 1604 perspicuam
1006 1542 1228 1587 veritatem
1253 1558 1263 1585 :
1294 1557 1382 1586 non
1410 1551 1553 1585 tamen
1573 1539 1733 1584 incon-

358 1610 576 1656 venienter
604 1620 818 1655 saturatus
850 1611 1011 1656 dicitur
1036 1621 1293 1674 paupertate
1319 1610 1514 1663 Christi,
1550 1609 1626 1672 qui
1652 1624 1733 1672 pro

353 1680 522 1739 justitia
546 1683 636 1739 ejus
654 1717 663 1734 ‚
697 1680 783 1725 hoc
807 1691 870 1725 est
909 1698 989 1743 pro
1022 1680 1360 1743 participatione
1387 1679 1520 1726 Verbi
1550 1678 1699 1724 {eterni
1719 1712 1729 1729 ‚

357 1766 490 1814 quam
506 1750 912 1795 ilichoavitinterim
934 1750 1035 1805 fide,
1052 1752 1197 1795 omnia
1214 1749 1471 1812 temporalia
1494 1765 1577 1793 non
1593 1748 1733 1793 solum

359 1830 648 1882 temperanter
669 1820 907 1865 contemnit
932 1821 1068 1872 hona,
1096 1820 1377 1865 verumetiam
1405 1818 1619 1882 patienter
1638 1834 1733 1863 sus-

358 1890 467 1935 tinet
491 1890 617 1936 mala.

424 1961 603 2007 LXVII.
646 1960 768 2005 Tales
801 1961 975 2006 fuerunt
1002 1960 1237 2023 piscatores
1263 1972 1302 2006 et
1334 1959 1596 2024 publicani3
1632 1958 1734 2022 quia

362 2031 531 2090 abjecta
550 2031 682 2090 hujus
701 2030 851 2075 mundi
870 2030 1035 2091 elegit&⁹
1060 2042 1107 2077 ut
1129 2031 1413 2078 confunderet
1428 2029 1567 2076 fortia.
1583 2030 1647 2075 De
1667 2029 1735 2075 his

359 2101 529 2146 dictum
553 2111 637 2155 cst,
666 2121 686 2142 «
708 2099 848 2145 Edent
880 2117 1092 2163 pauperes
1116 2138 1125 2154 ‚
1161 2111 1201 2146 et
1225 2100 1604 2147 saturabuntur.»
1649 2097 1733 2144 Sed

363 2170 466 2234 quia
501 2170 626 2214 istam
663 2169 929 2215 saturitatem
966 2187 1052 2215 non
1090 2171 1207 2234 apud
1245 2189 1285 2217 se
1316 2171 1432 2234 ipsos
1470 2178 1731 2222 tenuerunt;

367 2240 592 2304 (quodam
617 2240 748 2285 modo
762 2241 874 2286 enim
906 2251 1128 2286 ructantes
1152 2242 1390 2287 Dominum
1412 2239 1730 2296 laudaverunt,

364 2312 409 2358 id
433 2322 512 2369 est,
529 2311 882 2375 praedicaverunt
904 2322 1145 2376 quaerentes
1180 2329 1278 2358 eum
1302 2351 1311 2368 ,
1338 2312 1425 2358 hoc
1456 2322 1518 2357 est
1539 2329 1624 2357 non
1658 2327 1735 2357 sua

363 2393 620 2445 quaerentes,
651 2382 722 2428 secl
740 2383 783 2428 in
803 2399 899 2428 eum
921 2382 1132 2428 charitate
1155 2383 1384 2443 flagrantes
1398 2381 1430 2444 3)
1452 2399 1599 2428 eorum
1615 2397 1735 2446 prae«-

362 2453 580 2499 dicatione
602 2463 843 2498 commotus
866 2463 927 2498 est
960 2453 1150 2498 mundus
1172 2490 1182 2509 ‚
1212 2463 1260 2498 ut
1283 2463 1676 2498 commemorentur
1694 2462 1735 2497 et

364 2534 671 2570 convertantur
692 2523 745 2569 ad
773 2523 1009 2569 Dominum
1032 2523 1218 2570 universi
1242 2524 1348 2569 fines
1373 2533 1498 2569 terrae
1516 2560 1527 2579 ,
1557 2532 1599 2569 et
1623 2521 1734 2568 ado-

416 2607 460 2640 ¹1
478 2611 563 2641 Petr.
585 2616 620 2647 1¹,
635 2617 689 2638 21.
707 2624 751 2630 —
767 2605 782 2628 2
800 2605 918 2653 Philip.
939 2617 978 2650 ιν,
997 2619 1028 2650 9.
1046 2626 1089 2633 —
1110 2605 1255 2641 3Matth.
1273 2618 1306 2652 v,
1325 2608 1358 2639 6.
1378 2624 1420 2632 —
1448 2603 1462 2629 ⁴
1485 2618 1497 2638 1
1517 2607 1593 2641 Cor,
1612 2614 1637 2645 ι,
1652 2616 1707 2646 27,
