1799 3251
552 328 762 359 EPISTOLA
800 329 975 360 ctxxxi.
1370 315 1462 372 425

91 409 176 457 que
207 403 248 439 et
272 392 489 439 catholico
519 393 691 439 tractari
729 394 915 440 concilio
937 431 948 450 ,
987 395 1180 458 antiquae
1218 394 1465 442 traditionis

89 463 282 527 exempla
305 474 517 509 servantes
535 500 546 519 ,
577 473 617 509 et
649 462 947 510 ecclesiasticae
969 481 1177 510 memores
1196 464 1459 528 disciplinae,

88 544 247 579 nostrae
272 533 486 593 religionis
509 533 695 592 vigorem
711 548 798 577 non
821 533 962 579 minus
980 550 1097 580 nunc
1115 534 1160 579 in
1175 534 1459 590 consulendo,

90 619 223 666 quarn
248 613 370 648 antea
389 619 488 647 cum
515 601 852 665 pronuntiaretis
870 640 880 659 ,
908 620 1006 650 vera
1029 605 1193 650 ratione
1224 604 1425 649 firmastis
1445 640 1458 661 ,

87 673 164 736 qui
190 673 246 718 ad
280 684 474 719 nostrum
502 672 771 718 referendum
796 674 1072 736 approbastis
1107 692 1191 719 esse
1210 674 1426 734 judicium
1445 711 1456 730 ‚

87 743 266 789 scientes
285 744 389 806 quid
417 745 665 806 apostolicae
699 743 799 789 Sedi
819 781 828 799 ‚
856 761 956 790 cum
981 761 1126 790 omnes
1147 745 1235 791 hoc
1259 745 1355 790 loco
1372 763 1458 808 po-

86 812 152 857 siti
178 812 319 875 ipsum
358 813 476 876 sequi
512 813 802 859 desideremus
841 814 1096 877 Apostolum
1121 851 1131 870 ,
1167 815 1406 870 debeatur,
1435 833 1458 862 a

85 899 173 946 quo
210 882 301 945 ipse
327 884 603 947 episcopatus
635 894 676 928 et
715 893 802 928 tota
842 885 1074 930 auctoritas
1112 885 1298 930 nominis
1327 885 1459 944 hujus

84 953 268 999 emersit.
300 953 441 1008 Quem
479 963 728 1016 sequentes,
765 963 852 998 tam
885 954 998 1000 mala
1031 954 1235 999 damnare
1259 955 1459 1000 novimus

84 1037 215 1084 quam
239 1023 423 1084 probare
444 1022 679 1070 laudanda.
706 1022 784 1069 Vel
803 1023 848 1068 id
875 1041 974 1069 vero
996 1024 1116 1087 quod
1136 1034 1310 1086 patrum
1335 1025 1455 1070 insti-

84 1100 177 1137 tuta
195 1092 448 1138 sacerdotali
469 1092 757 1138 custodientes
781 1094 922 1139 officio
947 1111 1033 1138 non
1058 1094 1237 1139 censetis
1265 1110 1348 1138 esse
1371 1093 1456 1139 cal·

83 1161 222 1207 canda
241 1198 251 1216 ‚
282 1163 399 1225 quod
424 1162 486 1208 illi
512 1179 598 1207 non
615 1162 809 1207 bumana
830 1199 839 1218 ‚
861 1162 933 1208 sed
955 1162 1101 1207 divina
1121 1163 1345 1208 decrevere
1363 1180 1456 1208 sen-

85 1231 245 1287 tentia,
288 1243 334 1277 ut
369 1232 587 1295 quidquid
625 1233 822 1295 quamvis
857 1233 899 1277 in
939 1232 1165 1292 disjunctis
1197 1233 1456 1296 remotisque

82 1302 318 1362 provinciis
343 1312 566 1361 ageretur,
593 1318 682 1346 non
702 1302 823 1365 prius
848 1303 1057 1348 ducerent
1079 1303 1316 1348 finiendum
1337 1340 1346 1359 ‚
1374 1303 1455 1348 nisi

83 1369 136 1414 ad
158 1371 290 1431 hujus
310 1371 432 1417 Sedis
456 1371 653 1417 notitiam
676 1373 920 1434 perveniret
945 1390 954 1417 :
987 1383 1035 1417 ut
1062 1382 1151 1417 tota
1183 1373 1318 1432 hujus
1346 1390 1454 1418 auc-

84 1441 253 1486 toritate
269 1445 386 1501 justa
417 1458 517 1505 quae
542 1441 672 1487 fuerit
698 1443 1002 1504 pronuntiatio
1025 1443 1270 1487 firmaretur
1287 1479 1298 1498 ,
1325 1442 1454 1488 inde-

82 1527 166 1573 que
190 1522 409 1557 sumerent
431 1522 601 1557 caeterae
618 1511 810 1558 ecclesiae
832 1512 977 1576 (velut
1005 1512 1058 1558 de
1083 1511 1213 1557 natali
1235 1529 1310 1557 suo
1335 1511 1454 1558 sonte

82 1598 207 1644 aquae
225 1592 399 1627 cunctae
422 1581 738 1645 procederent,
770 1593 810 1627 et
828 1601 905 1646 per
932 1583 1119 1628 diversas
1145 1582 1274 1627 totius
1299 1581 1453 1628 mundi

81 1651 271 1711 regiones
295 1652 397 1714 puri
420 1651 567 1697 latices
592 1652 746 1715 capitis
773 1652 1019 1716 incorrupti
1043 1653 1316 1713 nianerant,)
1345 1651 1453 1715 quid

80 1722 385 1785 praeciperent,
411 1739 520 1786 quos
541 1721 767 1772 abluerent
791 1760 801 1779 ‚
827 1740 933 1786 quos
959 1722 1077 1768 velut
1096 1739 1223 1768 coeno
1248 1723 1452 1768 inemun-

81 1791 217 1836 dabili
259 1792 499 1838 sordidatos
534 1791 707 1838 mundis
751 1793 881 1853 digna
925 1793 1185 1856 corporibus
1225 1792 1341 1838 unda
1380 1792 1451 1837 vi-

83 1871 202 1907 [asel.
235 1884 254 1903 >J

145 1933 204 1979 Il.
233 1933 482 1979 «Gratulor
519 1933 649 1994 igitur
671 1969 681 1989 ‚
722 1933 874 1980 fratres
906 1933 1178 1987 charissimi,
1221 1931 1340 1995 quod
1374 1949 1452 1996 per

77 2003 252 2050 fratrem
272 2014 313 2049 et
331 2004 645 2067 coepiscopum
681 2014 879 2050 nostrum
910 2003 1077 2049 Julium
1105 2003 1268 2048 litteras
1296 2002 1352 2048 ad
1375 2019 1453 2048 nos

79 2074 342 2131 destinastis,
371 2085 412 2120 et
433 2091 533 2120 cum
552 2074 636 2119 illis
656 2091 806 2121 curam
833 2075 976 2135 geritis
997 2110 1006 2125 ‚
1026 2073 1187 2137 quibus
1212 2072 1453 2135 praesidetis

78 2144 265 2190 ecclesiis
286 2181 295 2199 ‚
331 2143 667 2190 sollicitudinem
700 2156 885 2191 vestram
924 2161 1005 2208 pro
1038 2143 1231 2189 omnium
1268 2142 1453 2188 utilitate

79 2216 322 2260 monstratis
341 2251 351 2270 ,
377 2225 417 2260 et
439 2232 517 2278 per
540 2225 717 2260 cunctas
736 2216 869 2262 totius
892 2216 1009 2261 orbis
1030 2213 1228 2259 ecclesias
1247 2212 1451 2258 omnibus

81 2302 166 2330 una
201 2285 320 2348 quod
356 2286 494 2348 prosit
527 2285 848 2333 decernendum
872 2303 957 2332 esse
991 2283 1258 2347 deposcitis:
1294 2295 1342 2328 ut
1365 2283 1453 2328 suis

79 2355 360 2402 constabilita
383 2354 541 2415 regulis
569 2355 759 2402 Ecclesia
775 2394 786 2413 ‚
819 2368 859 2402 et
880 2357 965 2402 hoc
990 2392 1000 2411 ‚
1029 2370 1116 2417 quo
1141 2352 1238 2398 illos
1264 2363 1414 2399 caveat
1436 2389 1448 2409 ,

78 2426 444 2490 pronuntiationis
456 2429 586 2485 Justae
603 2426 774 2472 firmata
797 2426 970 2472 decreto
998 2424 1157 2471 talibus
1180 2440 1330 2485 parere
1364 2440 1452 2468 non

78 2497 241 2562 possit3
268 2497 344 2561 qui
375 2497 586 2560 perversis
617 2496 845 2553 instructi,
868 2497 956 2543 imo
988 2493 1196 2541 destructi
1218 2493 1452 2539 verborum

81 2569 260 2630 argutiis
280 2606 290 2624 ‚
315 2568 397 2614 sub
420 2567 607 2628 imagine
631 2568 862 2616 catholieae
882 2566 984 2614 fidei
1004 2566 1274 2629 disputantes
1297 2601 1307 2618 ‚
1333 2563 1454 2609 velut

79 2639 331 2706 pestiferum
358 2638 602 2688 exhalantes
625 2638 770 2705 virus,
797 2650 846 2688 ut
875 2638 1107 2689 hominum
1126 2645 1243 2683 recte
1269 2632 1458 2684 sentiens
