1799 3251
374 298 436 355 84
794 307 828 336 s.
872 302 1113 335 Anersrim
1149 302 1349 335 Episcom

371 375 665 443 proferebant.
691 370 784 418 Illae
809 369 976 416 autem¹
998 369 1152 415 litterae
1173 369 1474 432 Imperatoris,
1503 368 1665 432 quibus
1684 368 1738 416 ad

371 466 414 494 se
433 445 546 493 mitti
563 443 686 504 jussit
711 440 954 500 lugentium
971 476 981 495 ,
1003 455 1109 502 quas
1131 449 1281 484 contra
1298 456 1338 484 se
1357 439 1471 502 ipsos
1495 456 1575 502 pro
1599 439 1738 485 Caeci-

368 518 486 564 liano
507 516 820 562 recitaverunt,
837 509 921 554 1100
937 509 1157 554 continent
1175 546 1184 564 ,
1202 508 1321 572 quod
1341 509 1527 554 :titianus
1543 525 1738 572 procon-

369 588 460 642 sul,
485 587 528 632 in
545 601 668 630 causa
693 580 844 626 Felicis
862 579 1124 625 audientiam
1148 580 1385 642 praebuerit
1399 590 1732 643 competentem,

365 656 653 717 eumdemque
694 651 876 696 Felicem
917 667 938 694 a
975 650 1157 696 crimine
1193 650 1433 696 traditionis
1462 651 1732 697 innocentem

364 728 492 774 fuisse
529 722 781 770 constiterit.
816 719 900 765 Sed
936 720 1182 779 lugentium
1224 720 1278 766 ad
1318 720 1581 766 Comitatum
1607 737 1731 767 suum

362 808 589 862 propterea
610 794 766 853 jubere.
784 791 1036 848 transmitti,
1061 791 1209 837 11111115
1225 792 1300 855 qui
1320 792 1532 848 ibierant‚
1548 802 1588 837 et
1606 791 1732 838 diur-

364 870 430 915 nis
453 868 604 913 diebus
622 881 718 910 eum
743 861 1018 925 interpellare
1042 880 1129 907 non
1155 863 1432 917 desinebant,
1462 880 1669 925 apparere
1692 873 1733 907 et

360 937 550 984 intimari
576 944 743 998 posset‘
773 943 813 978 et
834 931 991 977 frustra
1024 948 1093 977 eos
1118 932 1353 979 Caeciliano
1372 931 1580 978 invidiam
1609 949 1734 978 com-

359 1024 511 1071 parare
531 1043 540 1061 ,
562 1016 601 1050 et
625 1004 824 1049 adversus
847 1019 944 1047 eum
969 1002 1179 1048 violenter
1198 1003 1414 1063 insurgere
1436 1002 1629 1050 voluisse.

426 1079 483 1123 11.
514 1075 622 1132 Quis
640 1091 709 1120 eos
732 1072 924 1118 crederet
943 1072 1021 1117 1510
1042 1085 1191 1120 contra
1212 1091 1253 1119 se
1274 1074 1470 1119 recitasse
1486 1091 1567 1137 pro
1592 1074 1732 1133 nobis,

357 1149 440 1194 nisi
466 1148 544 1192 Dei
573 1143 880 1208 omnipotentis
912 1154 1022 1188 nutu
1047 1143 1210 1189 factum
1253 1155 1375 1200 esset,
1402 1154 1450 1189 ut
1485 1162 1573 1189 non
1593 1144 1730 1191 solum

357 1219 492 1264 verba
513 1233 662 1263 eorum
687 1214 824 1261 Gestis
840 1225 1103 1265 tenerentur.¹
1123 1215 1195 1261 sed
1220 1216 1346 1261 etiam
1371 1234 1523 1262 manus
1547 1219 1733 1264 subscri-

356 1289 554 1335 bentium
571 1287 840 1348 legerentur?
859 1286 968 1330 Nam
983 1295 1022 1330 et
1036 1285 1230 1332 ordinem
1251 1287 1477 1333 consulum
1492 1299 1534 1333 et
1547 1288 1731 1346 dierum,

356 1360 432 1422 qui
450 1358 590 1404 Gestis
615 1372 833 1419 expressus
856 1365 933 1411 est,
963 1355 996 1400 si
1013 1357 1108 1418 quis
1128 1374 1244 1403 nunc
1267 1357 1494 1418 diligenter
1518 1362 1729 1423 advertat,

357 1429 539 1475 inveniet
557 1427 698 1491 primo
724 1425 1005 1471 Caecilianum
1027 1425 1263 1488 episcopali
1279 1427 1449 1489 Judicio
1475 1432 1603 1479 fuisse
1622 1449 1732 1499 pur-

358 1511 520 1561 gatum.
548 1497 712 1544 Deinde
733 1514 819 1542 non
846 1497 985 1542 multo
1006 1507 1104 1560 post
1125 1497 1277 1542 Felicis
1294 1498 1583 1562 Aptungensis
1604 1521 1733 1552 causa

359 1573 414 1618 ab
440 1572 604 1617 ,Eliano
633 1568 894 1633 proconsule
921 1569 1157 1613 examinata
1183 1579 1260 1624 est,
1302 1572 1380 1617 ubi
1400 1590 1497 1619 eum
1537 1577 1733 1623 constitit

357 1643 630 1688 innocentem
655 1658 665 1685 :
698 1640 742 1684 in
770 1656 853 1702 qua
876 1656 999 1684 causa
1017 1638 1067 1684 ad
1094 1640 1360 1687 Comitatum
1384 1644 1496 1691 mitti
1512 1650 1655 1706 Jussus
1671 1658 1733 1693 est

356 1713 593 1773 Ingentius.
627 1713 680 1756 Et
700 1710 824 1769 longe
848 1721 994 1773 postea
1030 1711 1122 1773 ipse
1156 1712 1399 1774 Imperator
1423 1733 1592 1763 causam
1622 1719 1733 1765 inter

354 1794 500 1846 partes
523 1781 728 1841 cognovit
752 1791 880 1844 atque
908 1779 1049 1825 finivit
1072 1797 1081 1824 :
1117 1780 1161 1825 in
1192 1798 1277 1845 qua
1314 1786 1561 1844 cognitione
1586 1788 1732 1835 Caeci-

358 1852 519 1897 lianum
539 1852 829 1903 innocentem,
855 1850 950 1895 illos
975 1861 1113 1896 autem
1133 1850 1536 1903 calumniosissimos
1555 1859 1732 1919 judica—-

359 1922 436 1967 vit.
463 1923 512 1966 111
533 1938 620 1984 quo
653 1920 804 1965 ordine
836 1920 1062 1966 consulum
1097 1933 1137 1966 et
1162 1921 1328 1969 dierum
1355 1927 1454 1972 satis
1492 1929 1732 1977 ostenditur

357 1991 569 2038 fallaciter
590 2009 660 2036 eos
672 2002 712 2036 et
735 1990 998 2036 calumniose
1019 1991 1186 2049 dixisse,
1207 1994 1325 2056 quod
1346 1996 1585 2060 imperator
1605 2001 1731 2047 misso

360 2062 414 2107 ad
435 2063 701 2107 Comitatum
723 2062 937 2120 Ingentio.
957 2061 1172 2121 judicium
1197 2081 1321 2110 51111111
1345 2069 1525 2115 mutavit
1544 2091 1554 2124 ς
1572 2083 1613 2117 01
1636 2073 1730 2118 Cae-

360 2133 564 2178 cilianum
587 2170 596 2187 ‚
631 2149 756 2194 quem
781 2132 897 2194 prins
919 2143 1176 2194 purgaverat
1197 2171 1204 2179 .
1233 2146 1378 2196 postca
1404 2138 1723 2188 condemnavit.

361 2203 456 2248 Non
484 2203 620 2247 50111111
650 2214 788 2246 autem
819 2201 929 2246 1111111
961 2201 1014 2246 de
1048 2202 1130 2247 1100
1160 2221 1203 2247 re
1231 2206 1367 2264 legere
1392 2221 1650 2271 potuerunt,
1689 2223 1731 2257 et

359 2285 508 2318 contra
533 2291 572 2317 50
592 2272 704 2334 ipsos
733 2282 848 2317 tanta
890 2271 1118 2332 legerunt,
1163 2274 1233 2319 sed
1262 2277 1388 2322 etiam
1426 2297 1504 2342 per
1532 2281 1727 2327 ordinem

360 2343 584 2389 consulum
621 2342 861 2388 evidentius
885 2345 1204 2390 convineuntur
1225 2385 1234 2401 ,
1264 2360 1358 2410 post
1382 2368 1554 2397 causam
1581 2353 1730 2399 Felicis

363 2412 658 2477 proconsulari
684 2412 851 2472 judicio
879 2414 1172 2471 terminatam,
1200 2418 1241 2462 in
1267 2436 1350 2482 qua
1376 2425 1543 2480 jussum
1580 2437 1659 2480 est,
1681 2436 1730 2470 ut

362 2483 415 2529 ad
438 2483 702 2528 Comitatum
724 2484 946 2543 ingentius
969 2486 1224 2545 mitteretur,
1241 2506 1316 2535 1100
1336 2509 1471 2554 pat-xo
1489 2494 1727 2555 intervallo,

409 2592 418 2614 ¹
440 2593 554 2623 Extant
573 2590 601 2622 111
621 2592 711 2632 epist.
732 2591 772 2621 88
790 2601 818 2623 n.
837 2598 869 2628 4,
