1799 3251
545 324 757 357 Erisrota
792 325 996 360 cnxxxvn
1384 316 1475 382 507

112 407 233 452 agam
252 389 370 455 quod
391 390 464 436 odi
484 428 494 446 ‚
520 409 598 437 nec
622 391 840 438 elaborem
860 393 982 456 piger
995 393 1040 440 id
1059 383 1347 458 potius-agere
1366 398 1485 461 quod

112 461 239 508 amo?
263 463 361 524 Ipse
384 460 550 507 discors
573 473 614 507 et
637 463 839 508 intestino
859 463 976 509 bello
1001 464 1235 522 distrahor,
1265 466 1369 512 dum
1392 469 1486 531 spi·-

112 534 219 579 ritus
239 532 440 578 adversus
460 550 632 578 carnem
650 569 661 588 ,
685 550 786 578 caro
818 534 1021 580 adversus
1046 536 1248 599 spiritum
1274 537 1481 593 dimicat,

111 615 153 649 et
182 604 245 649 lex
277 603 470 666 corporis
490 603 579 663 lege
603 604 773 667 peccati
797 604 932 664 legem
951 605 1105 651 mentis
1124 606 1384 669 impugnat?
1408 609 1486 653 ln-

111 674 214 720 felix
233 690 310 733 ego
332 674 407 737 qui
432 674 477 719 in
497 691 565 720 me
583 685 842 720 venenatum
867 675 1056 721 inimicae
1087 677 1252 722 arboris
1284 689 1454 736 gustum
1474 715 1485 735 ,

114 760 194 789 nec
212 743 353 789 crucis
373 743 491 803 ligno
511 744 678 804 digessi.
703 746 843 789 Durat
858 745 972 790 enim
994 745 1104 790 mihi
1124 746 1234 791 illud
1254 764 1332 809 per
1348 747 1487 793 Adam

112 813 232 860 virus
251 824 482 876 paternum
500 851 510 870 ‚
534 832 623 878 quo
640 815 959 861 universitatem
979 815 1142 873 generis
1159 817 1224 861 sui
1241 827 1365 879 pater
1379 834 1492 880 prae-

114 884 333 932 varicatus
356 884 519 931 infecit.
537 886 551 947 ]
571 886 624 931 Et
647 896 803 931 caetera
818 923 829 939 ‚
854 902 955 949 quae
976 885 1030 931 de
1051 886 1137 931 hac
1160 887 1329 933 miseria
1353 888 1491 933 multa

118 955 307 1001 contexis
323 955 644 1014 ingemiscendo
664 993 674 1012 ‚
696 967 926 1019 expectans
939 955 1279 1019 redemptionem
1297 958 1492 1021 corporis

117 1026 203 1081 tui,
220 1035 261 1070 et
277 1024 474 1069 nondum
500 1042 569 1080 re,
600 1025 672 1071 sed
694 1044 768 1089 spe
793 1026 957 1072 salvum
985 1037 1024 1071 te
1047 1043 1133 1072 esse
1156 1043 1431 1087 cognoscens.

181 1095 275 1141 XL.
313 1094 398 1140 Sed
425 1094 616 1140 fortassis
642 1107 690 1141 tu
724 1097 856 1142 alium
879 1096 924 1141 in
957 1106 997 1140 te
1020 1097 1335 1156 transfigurasti
1354 1135 1364 1154 ‚
1391 1113 1493 1143 cum

114 1164 214 1210 liaec
237 1164 421 1220 diceres,
445 1181 525 1211 nec
555 1165 719 1228 aliquas
747 1166 800 1211 de
823 1183 951 1212 carne
974 1165 1311 1229 concupiscente
1335 1167 1490 1212 adver-

117 1251 186 1280 sus
209 1235 434 1298 spiritum,
459 1237 658 1298 quamvis
688 1237 725 1281 ei
757 1254 844 1282 non
877 1235 1117 1281 consentias
1134 1273 1144 1291 ,
1168 1236 1383 1282 molestias
1405 1236 1491 1281 im-

118 1315 328 1368 portunas
338 1305 497 1367 pateris
511 1316 551 1350 et
570 1306 764 1351 odiosasz
785 1316 1080 1352 verumtamen
1104 1316 1145 1351 et
1168 1316 1216 1351 tu
1236 1317 1276 1351 et
1299 1307 1492 1369 quisquis

118 1376 217 1421 haec
254 1375 436 1438 patitur,
476 1386 517 1420 et
551 1377 730 1435 gratiam
765 1375 933 1421 Christi
964 1393 1044 1439 per
1065 1393 1198 1438 quam
1234 1376 1287 1421 de
1311 1393 1494 1439 corpore

118 1446 270 1491 mortis
294 1446 426 1505 hujus
442 1444 654 1491 liberetur
676 1457 898 1509 expectat,
921 1446 1085 1491 nodum
1112 1445 1290 1509 quidem
1312 1447 1492 1492 eviden-

119 1527 181 1562 ter
198 1517 243 1562 in
259 1534 299 1562 se
312 1517 424 1579 ipso,
446 1516 519 1561 sed
539 1516 583 1562 in
601 1517 676 1562 illo
696 1517 874 1563 homine
891 1517 1073 1563 latenter
1092 1517 1154 1562 ihi
1173 1528 1264 1562 erat
1283 1554 1293 1572 ,
1315 1517 1492 1579 quando

119 1587 244 1633 cibus
266 1587 423 1632 vetitus
448 1587 719 1646 tangebatur,
748 1598 788 1633 et
819 1587 1150 1650 concipiebatur
1171 1586 1296 1646 longe
1318 1587 1491 1650 lateque

118 1674 198 1721 per
219 1667 399 1702 cunctos
420 1657 532 1702 itura
552 1658 754 1720 perditio.
780 1659 845 1703 De
862 1657 1026 1703 orando
1052 1668 1194 1703 autem
1216 1694 1226 1712 ,
1254 1668 1295 1702 et
1318 1659 1492 1717 gemiti-

118 1729 201 1773 bus
220 1727 456 1787 flagitando
480 1728 740 1790 proficiendi
759 1746 808 1774 ac
828 1738 942 1774 recte
967 1727 1144 1774 vivendi
1164 1727 1232 1787 adj
1241 1728 1379 1773 utorio
1393 1745 1493 1792 quae

120 1810 195 1844 tua
230 1815 317 1843 non
351 1797 488 1843 fervet
513 1799 736 1861 Epistola?
773 1798 892 1855 Quid
917 1810 979 1844 est
1001 1798 1064 1843 tui
1086 1808 1493 1861 quantumcumque

118 1870 327 1915 sermonis
342 1906 352 1925 ‚
382 1869 460 1914 ubi
484 1886 573 1915 non
594 1870 646 1915 sit
670 1886 866 1933 sparsum
891 1869 1165 1929 gemebunda
1194 1869 1356 1932 pietate
1372 1868 1493 1932 quod

118 1940 164 1986 in
182 1940 393 1986 Oratione
417 1939 603 1986 dicimus
623 1958 635 1986 ι
660 1962 678 1982 τ(
701 1942 764 1987 Ne
787 1958 864 1986 nos
881 1940 1037 1985 inferas
1056 1941 1099 1985 in
1121 1939 1453 1986 tentationeml?
1473 1962 1493 1982 »

121 2010 313 2057 Invicem
336 2011 483 2074 itaque
506 2027 584 2056 nos
619 2022 659 2057 et
698 2012 971 2057 consolemur
1009 2011 1053 2056 in
1081 2010 1149 2055 his
1175 2011 1379 2055 omnibus
1404 2047 1414 2066 ‚
1452 2021 1495 2056 et

121 2081 416 2135 exhortemur,
438 2092 479 2126 et
497 2092 711 2144 quantum
738 2082 813 2127 dat
842 2081 1053 2127 Dominus
1073 2080 1341 2140 adjuvemus
1381 2081 1495 2136 Quae

123 2161 262 2196 ‘autem
282 2188 291 2206 ,
319 2161 361 2195 et
379 2151 432 2196 de
451 2149 611 2215 quibus
635 2152 896 2198 audierimus
915 2166 1015 2215 quae
1032 2150 1217 2196 multum
1241 2150 1436 2196 dolemus
1456 2162 1497 2197 et

121 2218 246 2267 facile
268 2220 442 2267 credere
461 2221 665 2268 nolumus
683 2260 693 2279 ,
720 2222 865 2268 audiet
886 2240 907 2267 a
931 2220 1154 2267 communi
1176 2220 1315 2267 amico
1335 2222 1498 2266 sancti-

122 2301 186 2336 tas
222 2302 320 2344 tua‚
349 2309 436 2355 quo
467 2292 512 2337 in
550 2293 630 2338 Dei
666 2291 958 2338 misericordia
980 2307 1079 2336 cum
1117 2290 1251 2335 salute
1281 2301 1497 2336 remeante

123 2378 346 2425 speramus
363 2380 441 2408 nos
464 2363 517 2409 de
538 2364 743 2410 omnibus
767 2364 860 2410 fieri
882 2379 1005 2427 posse
1025 2361 1296 2409 certissimos,

171 2459 181 2481 ¹
200 2460 314 2492 Matlh.
329 2471 372 2500 v1,
391 2462 445 2495 13.
