1799 3251
295 280 391 336 354
699 292 735 323 s,
778 291 1022 323 Anousnm
1057 291 1261 323 Emscom

296 359 613 427 quantum‘jista
631 357 785 404 similia
800 357 853 404 de
871 358 1174 422 corporalibus
1190 358 1244 404 ad
1260 359 1550 420 intelligibilia
1564 358 1668 405 duci

291 443 488 504 possunt.
519 433 614 477 Non
638 430 786 492 itaque
818 429 930 475 sicut
967 429 1019 475 de
1042 429 1164 492 aquis
1202 430 1247 475 in
1276 437 1417 476 aerem
1458 447 1664 490 surgens,

296 507 374 554 uhi
395 519 542 551 earum
561 516 777 546 summum
799 500 1031 549 transierit.
1069 510 1242 562 repente
1274 512 1487 564 quantum
1511 500 1670 546 sufficit

294 577 559 639 inspiratum
579 570 651 616 sed
671 570 782 615 sicut
797 569 848 614 de
868 572 1051 616 tenebris
1069 572 1109 616 in
1131 571 1269 616 lucem
1287 571 1540 634 procedens,
1562 587 1669 634 pau-

296 647 419 696 latim
443 638 762 707 progrediendo
787 640 1071 688 illuminatur.
1108 641 1237 697 Quod
1266 642 1405 686 donec
1426 641 1671 704 plenissime

297 719 390 772 fiat,
410 718 501 775 jam
516 729 615 758 eum
630 727 774 755 tamen
791 711 978 756 dicimus
996 722 1200 775 tanquam
1222 711 1275 756 de
1290 711 1554 757 abditissima
1570 728 1671 774 spe-

294 789 423 838 lunca
442 782 748 844 egredientem,
788 782 947 827 vicinia
978 782 1087 827 lucis
1123 782 1340 837 afflatum,
1369 793 1492 828 tanto
1516 782 1668 841 magis,

296 867 461 923 quanto
487 853 621 913 magis
646 853 915 916 propinquat
937 853 1121 912 egressui
1156 871 1165 897 t
1192 864 1237 898 ut
1268 853 1378 898 illud
1404 853 1522 915 quod
1556 853 1600 897 in
1622 868 1672 896 eo

295 930 430 982 lucet,
451 925 505 972 sit
528 924 678 986 utique
696 940 743 967 ex
769 922 932 968 lumine
952 940 1040 986 quo
1062 923 1362 986 progreditur3
1394 923 1504 969 illud
1532 933 1673 968 autem

297 997 419 1064 quod
449 995 598 1042 adhue
629 993 863 1038 obscurum
885 1005 965 1048 est,
991 995 1044 1039 sit
1069 1012 1114 1039 ex
1141 995 1329 1040 tenebris
1361 995 1477 1040 unde
1505 993 1675 1054 egredi-

300 1081 388 1116 tur.
412 1068 566 1129 ltaque
590 1074 632 1108 et
652 1080 739 1108 non
765 1063 1080 1122 justificabitur
1107 1066 1151 1109 in
1176 1075 1413 1128 conspeetu
1439 1066 1515 1110 Dei
1538 1063 1678 1110 omnis

300 1139 447 1187 vivens
466 1135 510 1180 1:
532 1144 574 1179 et
605 1144 746 1178 tamen
773 1137 915 1192 justus
946 1150 992 1179 ex
1017 1134 1103 1179 fide
1139 1134 1246 1179 vivit
1267 1136 1298 1182 3.
1331 1135 1547 1180 Etinduti
1577 1143 1679 1179 sunt

301 1208 439 1257 saneti
457 1205 643 1267 justitia,
663 1203 769 1249 alius
790 1205 942 1264 magis,
967 1204 1076 1250 alius
1101 1206 1255 1252 minus.
1297 1207 1349 1250 lit
1367 1223 1493 1251 nemo
1516 1205 1592 1251 hic
1609 1204 1679 1251 vi-

302 1281 367 1329 vit
385 1280 474 1326 sine
498 1286 680 1341 peccato
699 1275 736 1329 3,
758 1286 799 1320 et
828 1275 914 1320 hoc
938 1276 1046 1322 alius
1079 1277 1232 1337 magis,
1260 1276 1366 1323 alius
1394 1278 1565 1323 minus:
1593 1293 1679 1340 op-

302 1353 434 1399 timus
454 1359 598 1394 autem
618 1356 695 1401 est,
722 1347 797 1409 qui
824 1346 1070 1394 minimum.

370 1420 484 1469 XIV.
536 1417 622 1463 Sed
665 1416 773 1479 quid
819 1434 918 1476 ege,
955 1428 1162 1480 tanquam
1197 1418 1358 1464 oblitus
1394 1418 1466 1464 eui
1503 1417 1676 1481 loquor,

299 1491 468 1541 doctori
494 1487 643 1535 similis
668 1487 808 1532 factus
842 1505 935 1532 sum
956 1524 966 1543 ‚
1007 1505 1107 1533 cum
1148 1489 1447 1552 proposuerim
1469 1488 1577 1552 quid
1604 1488 1682 1533 abs

298 1576 340 1612 te
378 1563 540 1609 discere
566 1558 724 1605 velim?
768 1557 851 1603 Sed
878 1558 981 1621 quia
1022 1558 1075 1603 de
1117 1571 1396 1622 peecatorum
1436 1559 1678 1622 parilitate,

302 1634 418 1681 unde
446 1632 491 1677 in
513 1629 560 1675 id
583 1627 702 1692 quod
727 1629 905 1687 agebam
933 1628 1088 1673 incidit
1119 1630 1321 1692 quaestiQ
1354 1629 1684 1675 examinandam

302 1705 388 1752 tibi
418 1700 673 1748 sententiam
698 1715 835 1743 meam
872 1716 1073 1761 promere
1091 1710 1344 1755 statueram,
1361 1704 1452 1760 jam
1469 1717 1559 1745 eain
1583 1711 1684 1745 tan--

305 1775 405 1822 dem
436 1768 670 1834 aliquando
708 1768 984 1816 concludam.
1017 1770 1132 1826 Quia
1174 1781 1214 1814 et
1237 1771 1270 1815 si
1295 1787 1444 1816 verum
1469 1781 1547 1825 est,
1585 1786 1685 1815 eum

306 1846 383 1911 qui
402 1843 540 1891 habet
560 1857 709 1897 unam,
732 1856 880 1885 omnes
917 1840 1081 1886 habere
1111 1842 1316 1897 virtutes3
1337 1858 1435 1886 eum
1463 1841 1685 1904 quiunam

309 1935 398 1966 non
421 1914 576 1968 habet,
602 1910 768 1956 nullam
791 1911 954 1956 habere
984 1929 994 1956 ς
1029 1930 1108 1957 nee
1132 1913 1191 1957 sie
1215 1923 1393 1975 peccata
1418 1923 1517 1957 sunt
1543 1912 1680 1975 paria.

310 1988 426 2047 Quia
449 1984 526 2031 ubi
543 1983 682 2029 virtus
716 1982 838 2027 nulla
858 1993 935 2037 est,
960 1983 1071 2028 nibil
1096 1983 1272 2046 quidem
1304 1994 1471 2028 rectum
1498 1994 1585 2037 est3
1609 1999 1688 2029 nec

309 2072 454 2107 tamen
468 2055 565 2102 ideo
587 2070 674 2099 non
687 2069 824 2115 pravo
848 2053 1026 2116 pravius
1047 2064 1124 2108 est,
1153 2053 1421 2115 distortoque
1444 2052 1680 2100 distortius.

310 2132 356 2179 Si
377 2139 539 2181 autem,
571 2123 690 2188 quod
710 2134 817 2186 puto
850 2141 937 2169 esse
960 2125 1115 2177 verius,
1143 2124 1359 2187 sacrisque
1386 2124 1556 2170 Litteris
1575 2141 1687 2170 con-

313 2198 552 2263 gruentiu8‚
575 2195 634 2240 ita
659 2205 757 2239 sunt
775 2194 930 2239 animae
957 2194 1231 2249 intentiones,
1261 2205 1309 2239 ut
1331 2195 1526 2257 corporis
1550 2212 1690 2240 mem-

312 2274 422 2323 bra;
449 2284 535 2314 non
551 2264 668 2328 quod
694 2263 1055 2319 videanturlocis,
1082 2265 1151 2309 sed
1169 2265 1285 2328 quod
1306 2266 1546 2310 sentiantur
1566 2266 1690 2310 affec-

314 2342 454 2395 tibus,
477 2348 519 2382 et
544 2334 659 2381 aliud
700 2333 973 2379 illuminatur
1000 2334 1204 2397 amplius,
1228 2334 1347 2379 aliud
1387 2335 1547 2390 minus,
1571 2333 1691 2380 aliud

314 2410 490 2465 omnino
510 2416 626 2452 caret
643 2404 807 2449 lumine
825 2415 864 2449 et
887 2405 1112 2449 tenebroso
1136 2406 1420 2450 inumbratur
1440 2405 1690 2463 obstaeu103

312 2480 509 2549 profecto
530 2478 588 2523 ita
612 2487 658 2521 ut
675 2475 859 2538 quisque
882 2475 1166 2520 illustratione
1186 2476 1273 2538 piae
1298 2476 1526 2521 charitatis
1560 2477 1692 2522 affec-

312 2564 382 2602 tus
399 2560 479 2606 est,
503 2549 548 2604 in
568 2546 651 2593 alio
672 2555 772 2591 actu
798 2546 949 2606 magis,
972 2546 1017 2591 in
1037 2545 1120 2591 alio
1140 2547 1300 2603 minus,
1329 2547 1376 2593 in
1393 2546 1538 2612 aliquo
1556 2546 1687 2604 nihil,

360 2637 369 2659 ¹
386 2634 467 2668 Psal.
487 2642 591 2674 cmx,
612 2642 644 2665 α.
659 2627 732 2654 -2
750 2629 869 2662 nabao.
886 2637 923 2669 η,
937 2635 971 2668 4.
986 2647 1029 2655 -
1049 2626 1064 2653 3
1077 2629 1154 2664 Job.
1174 2641 1268 2674 xxix,
1288 2636 1343 2669 14.
