1799 3251
357 307 442 367 4532
772 321 804 354 s.
851 319 1092 353 Arersrm
1131 318 1335 351 EPISCOPI

411 391 473 445 II,
501 386 780 449 «Diligenter
820 405 920 448 ergo
950 398 990 433 et
1014 403 1203 448 congrue
1241 383 1468 450 apostolici
1501 380 1724 431 consulitis

345 460 525 506 honoris
558 478 714 505 arcana
754 458 977 520 (honoris,
1006 458 1186 521 inquam
1220 456 1353 511 illius,
1381 473 1531 519 quem,
1565 466 1724 517 praeter

346 530 419 577 illa
439 547 539 594 quae.
550 540 650 575 sunt
669 530 945 584 extrinsecus,
970 526 1222 574 sollicitudo
1250 537 1395 572 manet
1418 526 1612 572 omniurn
1637 527 1724 571 Ec-

344 601 571 647 clesiarum
588 599 636 662 1)
661 616 792 663 super
818 598 949 644 anxiis
974 599 1121 654 rebus,
1148 614 1248 661 quae
1273 597 1326 642 sit
1347 596 1531 642 tenenda
1549 606 1724 641 senten-

345 673 419 728 tia,
448 673 639 734 antiquae
662 670 825 716 scilicet
847 669 1009 729 regulae
1040 668 1223 714 formam
1265 667 1417 722 secuti,
1460 683 1590 730 quam
1628 677 1719 712 toto

341 759 508 805 semper
535 742 588 786 ab
615 741 720 786 orbe
740 756 907 785 mecum
933 739 1064 784 nostis
1085 755 1171 783 esse
1187 747 1415 783 servatam.
1440 737 1599 782 Verum
1623 736 1722 781 haec

339 812 464 857 missa
480 811 589 856 facio
622 826 758 872 nequo
780 810 895 854 enim
911 809 997 854 hoc
1024 818 1209 853 vestram
1234 805 1365 852 credo
1380 806 1508 852 latere
1528 805 1720 869 pruden-

344 882 451 926 tiam
466 901 476 934 3
490 881 567 944 qui
585 880 631 925 id
652 881 766 925 enim
783 879 949 924 actione
968 878 1187 933 firmastis,
1205 877 1285 922 nisi
1305 877 1485 921 scientes
1507 876 1623 939 quod
1646 893 1723 938 per

344 968 492 997 omnes
516 950 764 1014 provincias
781 949 834 995 de
858 948 1094 1012 apostolico
1114 947 1233 994 fonte
1252 947 1500 1010 petentibus
1520 963 1721 1009 responsa

345 1038 512 1083 semper
528 1022 755 1066 emanent?
779 1019 1020 1082 praesertim
1041 1019 1209 1081 quoties
1228 1017 1328 1063 fidei
1345 1018 1456 1062 ratio
1472 1016 1721 1070 ventilatur,

346 1092 534 1138 arbitror
554 1107 702 1136 omnes
723 1089 875 1134 fratres
893 1100 934 1134 et
951 1089 1233 1151 coepiscopos
1258 1100 1441 1143 nostros,
1472 1087 1645 1133 nonnisi
1671 1086 1725 1132 ad

348 1166 544 1217 Petrum,
566 1160 608 1206 id
638 1171 715 1215 est,
743 1160 808 1205 sui
836 1159 1024 1204 nominis
1046 1169 1088 1204 et
1127 1159 1308 1204 honoris
1332 1168 1549 1204 auctorem
1572 1156 1727 1202 referre

348 1232 523 1286 debere,
544 1229 663 1275 velut
685 1246 802 1275 nunc
829 1228 977 1274 retulit
1002 1239 1141 1273 vestra
1178 1228 1372 1283 dilectio,
1402 1227 1522 1290 quod
1547 1244 1625 1290 per
1654 1237 1726 1271 to—

348 1313 439 1348 turn
460 1299 673 1346 mundum
697 1299 830 1362 possit
854 1299 1059 1344 omnibus
1079 1298 1279 1343 Ecclesiis
1301 1299 1345 1343 in
1368 1314 1600 1343 commune
1618 1314 1726 1360 pro-

349 1372 480 1418 desse.
508 1369 633 1415 Fiant
655 1370 767 1414 enim
795 1385 960 1414 necesse
987 1379 1048 1413 est
1069 1369 1299 1421 cautiores,
1341 1385 1440 1413 curn
1482 1369 1726 1414 inventores

350 1441 567 1487 malorum
593 1439 643 1485 ad
671 1438 861 1502 duplicis
880 1438 1131 1483 relationem
1165 1438 1337 1500 synodi.
1376 1438 1601 1483 sententiae
1623 1454 1726 1482 nos-

349 1523 427 1558 trae
448 1510 619 1556 statutis
657 1509 845 1554 viderint
891 1509 946 1553 ab
986 1508 1273 1554 ecclesiastica
1313 1508 1620 1554 communione
1656 1524 1724 1552 se-

344 1585 536 1643 junctos.
562 1602 582 1621 >³

420 1652 504 1697 lll.
547 1649 768 1695 «Gemino
805 1647 937 1708 igitur
970 1648 1088 1694 bono
1119 1648 1310 1694 charitas
1336 1658 1474 1692 vestra
1501 1647 1717 1707 fungetur.

349 1723 462 1769 Nam
485 1732 527 1766 et
547 1736 783 1775 canonum,
810 1719 1038 1782 potiemini
1062 1718 1197 1778 gratia
1216 1728 1501 1772 servatorum,
1528 1727 1569 1763 et
1589 1718 1724 1762 hene-

348 1793 449 1839 ficio
472 1802 611 1838 vestro
631 1800 748 1835 totus
788 1788 906 1834 orbis
931 1799 1090 1835 utetur.
1131 1789 1238 1845 Quis
1265 1789 1380 1833 enim
1404 1787 1723 1832 catholicorum

347 1864 540 1911 virorum
562 1878 662 1907 cum
679 1860 930 1906 adversariis
951 1860 1116 1905 Christi
1133 1859 1235 1905 velit
1253 1858 1428 1904 ulterius
1443 1858 1618 1903 miscere
1637 1874 1725 1903 ser-

347 1936 552 1980 monem?
589 1932 684 1995 quis
708 1930 857 1976 saltem
878 1931 1016 1992 ipsam
1044 1930 1184 1975 lucem
1211 1930 1311 1975 vitae
1336 1929 1613 1974 commnione
1625 1945 1724 1991 par-

347 2006 445 2051 tiri.3
478 2005 612 2050 Novae
640 2003 852 2047 liaereseos
874 2002 1080 2046 nimirum
1103 2001 1327 2061 fugiantur
1361 2010 1571 2046 auctores.
1604 1999 1722 2056 Quid

347 2076 462 2122 enim
496 2073 693 2119 acerbius
732 2072 776 2116 in
815 2073 952 2116 Deum
981 2072 1141 2130 fingere
1165 2080 1423 2134 potuerunt,
1468 2086 1600 2132 quam
1621 2086 1723 2115 cum

341 2144 557 2205 adetoria
592 2141 739 2187 divina
765 2152 997 2195 cassarent,
1029 2157 1295 2202 causamque
1330 2139 1601 2202 quotidianae
1618 2156 1724 2202 pre-

346 2214 527 2262 cationis
545 2210 792 2257 auferrent?
832 2211 927 2255 Hoc
967 2221 1028 2255 est
1052 2210 1211 2261 dicere,
1243 2210 1361 2265 Quid
1388 2209 1499 2254 mihi
1528 2226 1639 2272 opus
1664 2219 1726 2254 est

350 2286 471 2331 Deo?
490 2281 644 2328 Merito
669 2281 711 2326 in
739 2280 819 2325 hos
846 2279 965 2324 dicat
988 2279 1288 2342 hymnidicus⁴
1314 2302 1334 2319 u
1359 2280 1472 2324 Ecce
1496 2279 1693 2324 homines
1709 2315 1720 2333 ‚

350 2377 370 2399 a>
392 2353 467 2418 qui
496 2368 584 2397 non
608 2360 850 2414 posuerunt
885 2350 1022 2394 Deum
1059 2349 1297 2408 adjutorem
1320 2350 1403 2394 sibi
1421 2350 1452 2395 2.
1475 2370 1494 2390 ))
1516 2350 1724 2407 Negantes

345 2443 444 2486 ergo
466 2423 668 2469 auxilium
688 2422 783 2474 Dei,
803 2421 1008 2484 inquiunt
1030 2421 1254 2465 hominem
1279 2421 1361 2465 sibi
1380 2437 1502 2483 posse
1515 2419 1721 2476 sufficere,

349 2514 426 2544 nec
457 2494 591 2554 gratia
618 2493 736 2537 hunc
764 2508 883 2550 egere
917 2492 1081 2543 divina,
1113 2508 1196 2553 qua
1228 2493 1424 2552 privatus
1456 2507 1622 2535 necesse
1657 2501 1718 2534 est

346 2566 511 2615 diaboli
536 2563 698 2626 laqueis
737 2562 926 2606 irretitus
948 2562 1201 2614 occumbat,
1229 2561 1335 2606 dum
1371 2561 1424 2606 ad
1450 2560 1595 2606 omnia
1621 2560 1722 2608 vitae

394 2653 440 2680 ¹2
456 2650 533 2679 Cor.
555 2645 675 2687 x1‚28.
696 2662 737 2670 -
757 2642 773 2667 ²
789 2644 985 2685 Psal.1.1‚9.
