1799 3251
588 309 942 343 ΛΝΝοΤΛΤΙοΝΒε.
1364 297 1457 361 539

83 390 246 439 copum
271 375 572 422 Fortunatam.
594 376 814 424 Zertenses
831 378 1005 425 aliiduo
1027 378 1299 426 Gaudentius
1318 389 1360 425 et
1384 380 1458 426 Sa-

82 447 235 495 lustius
255 458 548 496 recensentur.

457 601 715 636 ANNOTATIO
753 590 822 654 (7)
858 607 958 654 pag.
1001 590 1078 638 85.

144 720 265 766 Unus
288 737 309 766 e
333 721 552 769 Vaticanis
574 727 683 771 MSS
707 727 814 770 xix.
845 725 954 770 Kal.
980 725 1107 771 Julii.
1142 726 1240 770 Mox
1259 724 1305 770 in
1328 723 1453 769 editis

78 792 317 852 legebatur,
331 798 548 858 piissimo
584 802 791 842 Honorio
811 802 1026 860 Augusto
1056 802 1104 842 V
1100 802 1181 843 III
1198 798 1304 844 Cos.
1327 812 1452 841 men-

78 865 195 923 dose,
224 877 272 912 ut
292 868 597 915 animadvertit
619 870 848 917 Baronius.
876 871 1056 934 Quippe
1089 870 1272 916 Honorii
1291 885 1453 914 consu-

76 939 191 984 latus
232 951 410 987 octavus
433 941 590 988 incidit
612 943 656 988 in
695 961 858 989 annum
893 944 1056 990 Christi
1083 946 1190 1007 409).
1225 944 1279 988 At
1296 941 1450 988 isthaee

78 1011 275 1074 Epistola
295 1012 458 1078 scripta
476 1013 560 1060 fuit
574 1033 686 1061 anno
703 1017 899 1079 proxime
915 1017 1110 1081 sequenti
1132 1026 1231 1080 post
1256 1014 1451 1060 Cartha-

78 1085 294 1144 ginensem
326 1087 625 1142 collationem,
648 1088 842 1152 adeoque
862 1105 930 1135 an.
966 1092 1059 1146 412
1093 1089 1169 1152 qui
1191 1099 1253 1134 est
1267 1087 1451 1134 Honorii

76 1161 173 1206 Cos.
209 1176 366 1216 nonus,
393 1160 541 1207 favent
561 1162 688 1209 MSS.
716 1173 834 1217 octo,
861 1180 883 1208 e
905 1163 1068 1227 quibus
1098 1161 1231 1226 aliqui
1261 1161 1445 1216 habent,

78 1232 162 1289 IX,
181 1232 270 1290 alii,
296 1251 423 1280 nono
451 1237 555 1282 Cos„

437 1389 695 1422 ANNOTATIO
731 1375 802 1439 (8)
837 1393 937 1439 pag.
986 1377 1087 1422 108.

140 1505 642 1568 Pelagiusintegritatem
664 1508 766 1554 fidei
787 1526 875 1554 suae
902 1506 1167 1572 probaturus
1190 1506 1235 1551 in
1254 1506 1445 1570 Diospo-

73 1578 207 1624 litana
229 1580 412 1642 synodo,
431 1597 530 1644 quae
546 1592 722 1627 exeunte
743 1599 794 1626 an
814 1582 921 1637 415.
943 1580 1099 1625 habita
1114 1579 1214 1634 fuit,
1236 1579 1313 1624 has
1335 1579 1447 1625 litte-

73 1668 141 1697 ras
173 1651 360 1715 aliasque
390 1654 445 1699 ab
465 1653 715 1699 orthodoxis
741 1653 956 1717 episcopis
975 1652 1058 1699 sibi
1082 1651 1265 1697 directas
1283 1663 1446 1714 protu-

72 1723 142 1779 lit,
169 1734 216 1770 ut
233 1724 280 1770 in
296 1725 374 1772 lib.
404 1726 458 1772 de
484 1727 621 1772 Gestis
652 1726 793 1786 Pelag.
834 1736 982 1771 narrat
1023 1725 1317 1784 Augustinus:
1366 1726 1443 1788 qui

73 1797 258 1844 subinde
285 1799 514 1845 consilium
537 1816 794 1863 sensumque
813 1799 944 1859 hujus
973 1798 1184 1861 Epistolae
1206 1814 1294 1843 suae
1317 1809 1444 1844 curat

72 1870 216 1933 palam
255 1872 555 1935 aperiendum.
580 1873 873 1927 Nonsolum,
897 1871 1057 1932 inquit,
1082 1871 1143 1916 ab
1168 1871 1270 1933 ejus
1293 1871 1445 1917 laudz-

74 1942 158 1988 bus
193 1950 473 2008 temperavi‚·
496 1946 584 1991 sed
603 1952 745 1991 etiam
768 1955 1001 2009 quantum
1014 1949 1171 2008 potui,
1208 1948 1310 1989 Sine
1345 1946 1444 2006 ejus

72 2023 390 2065 commotione
406 2023 680 2081 quaestionis
698 2020 934 2080 deglutio,
959 2029 1081 2063 recte
1102 2032 1271 2080 sapere
1284 2017 1446 2063 admo-

72 2093 170 2147 nui,
195 2103 278 2136 etc.
304 2094 424 2137 Dixi
438 2091 879 2138 desiderantissimum
896 2129 908 2148 ,
935 2094 1165 2154 quoniam
1200 2088 1344 2135 valde
1368 2108 1444 2136 cu-

64 2165 260 2229 piebam
272 2176 616 2228 cumproesenle
633 2163 822 2227 aliquid
830 2164 1041 2227 colloqui.
1062 2168 1170 2208 Jam
1197 2164 1444 2209 audieram

72 2243 195 2285 enim
217 2249 380 2283 contra
394 2243 622 2301 gratiam,
639 2252 733 2300 qua
748 2238 1087 2297 justificamur,
1112 2236 1306 2298 quando
1334 2236 1445 2280 hinc

71 2313 236 2375 aliqua
261 2315 646 2356 commemoratio
645 2312 808 2370 fieret,
835 2319 1001 2371 operta
1019 2324 1128 2352 eum
1153 2312 1446 2353 contentione

71 2389 249 2440 conari,
272 2395 355 2429 etc.
388 2388 449 2430 Ei
473 2384 600 2429 bona
621 2386 782 2446 optavi
807 2400 838 2425 (ι
878 2382 1087 2426 Domino
1108 2380 1320 2434 retribui,
1348 2392 1444 2425 non

73 2458 139 2504 ad
158 2458 355 2504 salutern
380 2461 584 2520 corporis
598 2459 892 2519 pertinentia
906 2493 916 2512 ‚
960 2453 1048 2500 secl
1077 2470 1134 2498 eo:
1150 2455 1312 2516 potius
1334 2470 1446 2516 quoe

66 2530 271 2595 putabat
291 2547 406 2585 esse,
445 2530 666 2588 velforte
685 2527 842 2572 adhuc
859 2538 1002 2590 putat
1031 2531 1079 2571 in
1111 2526 1211 2571 solo
1248 2525 1442 2570 arbitrio

69 2603 327 2650 voluntatis
364 2614 408 2649 ec
420 2604 626 2667 propria
644 2610 881 2665 potestate
892 2604 1053 2663 posita
1079 2610 1164 2646 etc.
1209 2602 1351 2644 etiam
1385 2597 1450 2642 ibi
