1799 3251
355 302 446 346 500
763 312 798 338 s.
843 308 1080 339 Aucus'rmi
1116 309 1319 339 Episcom

350 379 593 444 praescivst,
628 392 727 439 quae
768 385 910 418 tamen
948 373 1144 437 reliquiae
1175 390 1254 436 per
1289 373 1542 420 electionem
1571 374 1724 434 gratiae

348 450 477 496 salvae
497 449 625 494 factae
648 455 760 491 sunt.
788 465 806 485 α
831 443 875 488 Si
896 453 1040 488 autem
1064 443 1200 502 gratia
1216 478 1226 498 ,
1269 443 1389 505 quod
1421 461 1537 507 saepe
1569 443 1724 490 dicen-

350 520 494 565 »dum
533 528 624 573 est,
661 520 753 575 jam
788 530 876 558 non
914 530 961 558 ex
987 513 1217 576 operibUS,
1259 512 1451 576 alioquin
1475 514 1613 574 gratia
1630 517 1720 574 jam

351 613 369 632 υ
390 607 476 635 non
496 599 556 634 est
576 583 767 647 gratia13
787 606 806 626 ›>
830 600 918 629 non
938 583 1036 629 haec
1061 584 1211 647 utique
1229 594 1375 628 nostra
1392 620 1403 639 ,
1424 584 1497 630 sed
1524 583 1724 647 Apostoli

344 660 479 707 verba
503 669 618 705 sunt.
646 655 779 712 Quod
799 671 899 713 ergo
918 653 973 699 ad
992 653 1228 699 Jerusalem
1251 653 1467 699 nolentem
1494 654 1640 714 colligi
1665 655 1722 700 fi-

342 729 423 775 lios
443 746 542 775 suos
564 727 636 773 ille
659 724 878 771 clamabat
896 760 906 779 ‚
929 723 1016 769 hoc
1035 741 1112 769 nos
1137 723 1376 769 clamamus
1399 724 1602 770 adversus
1620 741 1690 770 eos
1707 762 1719 781 ,

345 800 420 862 qui
448 799 559 844 filios
584 796 772 842 volentes
807 792 1014 838 Ecclesiae
1043 792 1213 852 colligi,
1248 792 1405 838 nolunt
1429 811 1440 838 ε
1468 810 1548 839 nec
1572 794 1723 840 saltem

344 879 445 931 post
463 867 683 928 judicium
699 865 734 919 ²,
763 862 883 926 quod
906 862 960 908 de
983 863 1078 926 ipso
1102 862 1276 922 Pelagio
1298 863 1342 908 in
1366 863 1602 909 Palaestina
1625 864 1722 910 fac-

347 950 441 985 tum
465 949 552 994 est,
571 937 875 995 corriguntur3
898 933 951 979 de
976 951 1064 997 quo
1085 933 1316 979 damnatus
1334 935 1505 989 exisset,
1526 934 1610 980 nisi
1633 934 1722 981 ob-

338 1013 456 1069 jecta
479 1008 561 1054 sibi
580 1017 733 1053 contra
755 1005 936 1064 gratiam
970 1005 1047 1050 Dei
1073 1004 1190 1050 dicta
1213 1041 1223 1060 ,
1246 1021 1347 1067 quae
1374 1005 1608 1051 obscurare
1634 1022 1723 1051 non

345 1081 519 1143 potuit,
546 1079 636 1141 ipse
655 1076 913 1122 damnasset.

408 1150 598 1196 XXXII.
631 1149 795 1192 Praeter
817 1145 891 1191 illa
908 1145 1023 1190 enim
1053 1161 1154 1208 quae
1172 1182 1182 1200 ,
1210 1145 1434 1208 quomodo
1459 1146 1623 1208 potuit,
1648 1163 1722 1192 au-

343 1237 414 1266 sus
437 1230 500 1265 est
526 1217 838 1281 qualicumque
861 1216 1027 1260 ratione
1049 1213 1296 1269 defendere,
1320 1215 1494 1275 objecta
1513 1216 1718 1279 quaedam

343 1301 475 1344 sunt,
506 1305 606 1352 quae
629 1287 710 1333 nisi
733 1296 899 1331 remota
923 1285 1042 1330 omni
1081 1285 1435 1344 tergiversatione
1459 1286 1721 1332 anathema-

345 1362 508 1406 tizasset
525 1395 535 1415 ‚
564 1359 577 1403 i
583 1375 656 1421 pse
681 1356 1071 1402 anathematizatus
1087 1355 1249 1402 exisset.
1269 1356 1509 1415 Objectum
1525 1366 1587 1401 est
1604 1356 1720 1402 enim

342 1447 441 1476 eum
456 1429 617 1483 dicere,
636 1448 654 1468 α
672 1425 933 1483 QuiaAdam
944 1427 1031 1471 sive
1053 1435 1272 1488 peccaret,
1288 1426 1374 1470 sive
1397 1443 1485 1471 non
1496 1437 1716 1489 peccaret,

342 1501 581 1546 moriturus
614 1509 734 1543 esset.
777 1498 832 1541 Et
858 1495 979 1559 quod
1014 1505 1244 1558 peccatum
1283 1498 1372 1554 ejus
1406 1496 1552 1558 ipsum
1577 1497 1717 1542 solum

340 1571 498 1617 laeserit
514 1608 524 1627 ,
554 1579 596 1614 et
618 1585 705 1613 non
732 1584 863 1627 genus
885 1567 1145 1613 humanum.
1172 1567 1226 1611 Et
1245 1566 1363 1628 quod
1377 1566 1560 1612 infantes
1578 1583 1720 1630 nuper

341 1642 432 1687 nati
460 1642 505 1687 in
525 1640 599 1685 illo
625 1648 738 1684 statu
764 1639 849 1682 sint
867 1674 877 1692 ‚
912 1637 957 1681 in
987 1653 1074 1699 quo
1100 1636 1238 1681 Adam
1274 1635 1360 1681 fuit
1384 1647 1480 1682 ante
1503 1637 1719 1700 praevari-

341 1711 571 1757 cationem.
605 1709 659 1753 Et
682 1706 803 1771 quod
827 1722 966 1769 neque
991 1723 1071 1769 per
1098 1717 1282 1751 mortem
1307 1706 1374 1751 vel
1400 1723 1478 1769 per
1501 1707 1718 1769 praevari-

340 1783 554 1827 cationem
594 1777 700 1824 Adae
724 1794 850 1823 omne
882 1793 1014 1836 genus
1038 1776 1285 1822 humanum
1313 1777 1551 1833 moriatur,
1578 1794 1719 1840 neque

339 1870 418 1915 per
435 1848 792 1896 resurrectionem
814 1846 978 1891 Christi
999 1863 1127 1892 omne
1146 1863 1279 1905 genus
1301 1846 1546 1892 humanum
1570 1864 1716 1893 resur-

345 1933 429 1981 gat.
462 1921 516 1965 Et
533 1919 736 1972 infantes,
765 1917 932 1962 etiamsi
957 1933 1043 1961 non
1067 1916 1369 1979 baptizentur,
1396 1917 1561 1962 habere
1582 1917 1717 1962 vitam

342 2002 565 2037 aeternam.
586 1989 642 2032 Et
668 1987 821 2032 divites
838 1986 1099 2048 baptizatos,
1118 1986 1200 2030 nisi
1222 1986 1430 2032 omnibus
1449 1987 1713 2043 renuntient,

341 2064 375 2107 si
398 2060 506 2124 quid
532 2058 637 2103 boni
655 2057 733 2102 visi
752 2056 913 2101 fuerint
933 2055 1090 2110 facere,
1107 2072 1195 2100 non
1216 2057 1410 2118 reputari
1426 2056 1525 2111 illis,
1550 2074 1630 2102 nec
1645 2073 1717 2102 eos

340 2131 503 2176 habere
525 2143 650 2191 posse
675 2142 852 2185 regnum
883 2125 977 2171 Dei.
1004 2126 1058 2170 Et
1081 2125 1262 2184 gratiam
1291 2125 1367 2170 Dei
1390 2136 1519 2188 atque
1538 2125 1715 2186 adJuto-

339 2203 455 2248 rium
478 2216 565 2245 non
591 2196 644 2242 ad
672 2195 864 2256 singulos
890 2206 1010 2240 actus
1036 2195 1159 2250 dari,
1193 2195 1264 2240 sed
1290 2196 1334 2241 in
1365 2195 1502 2241 libero
1533 2196 1714 2242 arbitrio

339 2289 426 2319 esse
446 2269 514 2316 vel
536 2269 578 2314 in
599 2267 690 2327 lege
704 2277 833 2329 atque
857 2265 1072 2311 doctrina.
1094 2267 1148 2311 Et
1169 2266 1245 2311 Dei
1270 2266 1451 2325 gratiam
1473 2266 1715 2312 secundum

338 2342 493 2389 merita
517 2349 661 2384 nostra
693 2337 803 2383 dari.
831 2338 886 2382 Et
910 2336 1021 2382 filios
1046 2336 1124 2381 Dei
1154 2353 1242 2381 non
1267 2353 1392 2399 posse
1419 2337 1592 2393 vocari,
1632 2336 1715 2382 nisi

339 2412 517 2460 omnino
543 2410 706 2471 absque
724 2418 905 2471 peccato
927 2406 1088 2452 fuerint
1114 2406 1268 2452 effecti.
1300 2407 1353 2450 Et
1379 2423 1465 2451 non
1490 2424 1577 2452 esse
1598 2406 1713 2452 libe-

336 2502 435 2532 rum
457 2480 703 2530 arbitrium,
733 2478 766 2523 si
792 2478 875 2523 Dei
899 2477 1064 2537 indiget
1088 2475 1245 2521 auxilio
1265 2494 1275 2520 :
1303 2476 1510 2540 quoniam
1531 2477 1574 2522 in
1604 2494 1711 2540 pro-

333 2557 430 2622 pria
445 2553 670 2601 voluntate
697 2550 834 2595 habet
858 2549 1156 2613 unusquisque
1173 2546 1312 2593 facere
1331 2548 1523 2611 aliquid,
1545 2548 1612 2595 vel
1623 2565 1712 2594 non

380 2642 391 2662 ¹
411 2643 504 2671 Rom.
523 2646 568 2675 ιι,
583 2637 617 2669 6.
633 2651 677 2657 —-
690 2632 704 2655 ²
718 2633 984 2677 Diospolitanum.
