1799 3251
586 289 796 320 EPISTOLA
833 288 962 319 eLvn.
1394 275 1486 339 259

117 378 138 400 »
156 373 245 402 non
266 365 559 419 peccaverunt
575 353 916 401 insimilitudine
930 353 1306 418 praevaricationes
1327 356 1448 403 Adae.
1461 379 1482 400 ,ι

114 426 328 491 Regnavit
350 442 449 486 ergo
482 436 524 472 et
555 425 599 471 in
623 442 692 471 eos
722 425 798 488 qui
822 442 909 470 non
942 435 1250 488 peccaverunt.
1279 425 1364 472 Sed
1399 443 1479 472 cur

114 497 380 561 regnaverit,
409 495 596 542 ostendit
621 513 721 542 cum
758 496 840 553 ait,
871 516 890 537 α
913 496 964 545 In
997 495 1282 543 similitudine
1304 514 1480 560 praeva—

116 586 137 608 »
153 566 371 615 ricationis
390 567 511 614 Adae.
533 589 551 608 >2
569 568 652 613 lste
672 577 734 613 est
752 566 865 612 enim
891 566 1040 613 melior
1058 565 1299 613 intellectus
1321 567 1479 614 horum

115 638 348 685 verborum
368 675 380 695 ‚
403 649 451 684 ut
470 655 569 685 cum
591 637 788 693 dixisset,
824 636 1074 697 «Regnavit
1100 654 1213 683 mors
1230 637 1274 682 in
1293 655 1380 694 eos,
1408 638 1485 702 qui

117 729 137 750 >³
153 725 241 757 non
257 720 548 773 peccaverunt
566 729 577 764 3
595 731 615 751 υ
635 708 758 771 quasi
784 725 861 754 nos
879 717 1069 755 moneret
1086 724 1221 771 quare
1240 708 1285 753 in
1301 725 1370 754 eos
1383 725 1482 768 reg-

115 780 282 828 naverit
305 779 380 844 qui
403 797 491 826 non
509 788 801 842 peccaverunt
818 816 829 835 ‚
853 777 1027 824 adderet
1046 815 1057 835 ‚
1086 798 1106 821 (ι
1125 778 1175 822 In
1199 777 1484 824 similitudine

117 869 138 894 »
161 850 534 913 praevaricationis
567 848 699 905 Adae,
725 870 745 890 ))
779 848 826 894 id
858 859 919 894 est
955 848 1057 910 quia
1093 848 1231 893 inerat
1261 864 1410 893 eorum
1442 848 1488 893 in

115 920 320 970 membris
342 919 582 966 similitudo
618 919 989 982 praevaricationis
1025 917 1143 964 Adae.
1184 918 1329 964 Potest
1361 920 1487 963 etsie

116 989 327 1050 intelligi,
356 1011 375 1032 «
396 990 609 1050 Regnavit
634 1007 748 1035 mors
774 990 829 1035 ab
866 989 1005 1035 Adam
1038 1005 1171 1052 usque
1191 987 1244 1034 ad
1272 992 1455 1052 Moysen
1477 1023 1487 1046 ‚

117 1069 197 1104 »et
225 1059 359 1107 ineos
384 1060 460 1123 qui
492 1076 580 1105 non
613 1059 657 1104 in
684 1059 968 1105 similitudine
1001 1057 1355 1121 praevarications
1382 1056 1488 1103 Adae

116 1152 136 1172 >³
157 1141 506 1197 peccaveruntzn
517 1130 621 1194 quia
645 1129 691 1175 in
715 1141 847 1175 semet
863 1130 967 1194 ipsis
991 1146 1091 1174 cum
1107 1132 1199 1187 jam
1222 1128 1314 1173 nati
1328 1138 1484 1184 essent,

117 1217 196 1247 nec
220 1200 383 1248 ratione
408 1200 554 1247 adhuc
580 1211 832 1258 uterentur,
872 1218 957 1264 qua
981 1199 1051 1245 ille
1077 1199 1281 1244 utebatur
1311 1198 1488 1261 quando

116 1271 341 1335 peccavit,
372 1288 450 1316 nec
475 1282 746 1335 praeceptum
782 1271 1073 1334 accepissent,
1108 1268 1228 1332 quod
1250 1268 1320 1314 ille
1346 1279 1487 1316 trans-

116 1359 278 1402 gressus
299 1353 382 1399 est,
408 1342 480 1388 sed
500 1342 589 1388 solo
613 1341 814 1401 originali
838 1342 944 1388 vitio
978 1350 1223 1386 tenerentur
1253 1339 1451 1386 obstricti
1472 1377 1482 1396 ‚

115 1430 194 1478 per
206 1410 325 1477 quod
335 1429 404 1458 eos
417 1429 599 1472 regnum
617 1412 764 1458 mortis
779 1412 968 1458 traheret
988 1410 1042 1456 ad
1062 1410 1482 1460 condemnationem.

117 1483 249 1542 Quod
260 1501 438 1545 regnum
451 1484 652 1530 mortisin
662 1484 718 1529 eis
733 1494 900 1529 tantum
911 1481 1165 1545 nonest,qui
1176 1481 1341 1527 Christi
1354 1482 1490 1542 gratia

115 1555 275 1613 renati,
307 1555 362 1601 ad
394 1559 484 1616 ejus
516 1571 693 1615 regnum
718 1555 936 1619 pertinent
959 1571 968 1598 :
997 1554 1208 1617 quoniam
1235 1569 1350 1599 mors
1375 1564 1489 1599 tem-

114 1626 278 1690 poralis
297 1663 307 1683 ,
335 1626 535 1691 quamvis
560 1637 601 1671 et
623 1627 716 1689 ipsa
741 1626 794 1672 de
827 1625 1024 1685 originali
1056 1623 1215 1668 delicto
1241 1635 1482 1689 propagata

114 1697 197 1756 sit,
218 1714 378 1761 corpus
393 1698 438 1744 in
462 1697 518 1743 eis
532 1697 741 1743 interimit
760 1734 770 1753 ,
798 1697 985 1743 animam
1006 1711 1103 1741 vero
1124 1693 1178 1739 ad
1202 1709 1379 1756 poenam
1399 1712 1486 1741 non

115 1768 277 1824 trahit,
305 1768 383 1814 ubi
407 1767 545 1815 voluit
563 1784 742 1826 regnum
765 1768 916 1813 mortis
936 1764 1116 1823 intelligi
1138 1781 1148 1809 ε
1179 1776 1226 1809 ut
1250 1765 1394 1810 anima
1415 1783 1485 1811 re-

114 1850 214 1885 nata
234 1857 312 1903 per
335 1839 535 1899 gratiam,
553 1841 643 1898 jam
663 1855 749 1883 non
767 1837 978 1883 moriatur
995 1835 1041 1881 in
1065 1834 1324 1895 gehennam,
1346 1836 1391 1882 id
1406 1847 1483 1895 est,

116 1929 139 1959 a
161 1911 249 1957 vita
273 1910 353 1956 Dei
377 1927 464 1955 non
491 1908 725 1965 alienetur,
753 1925 841 1954 non
861 1918 1109 1971 separetur:
1134 1906 1382 1970 temporalis
1404 1925 1485 1954 au-

114 1992 201 2028 tem
226 1998 340 2028 mors
364 1979 559 2043 corporis
577 2016 588 2034 ,
612 1980 738 2025 etiam
761 1979 805 2024 in
832 1979 883 2025 iis
899 2015 909 2034 ,
933 1977 1009 2042 qui
1033 1976 1200 2022 Christi
1220 1989 1356 2023 morte
1375 1978 1486 2025 redi-

115 2063 319 2110 muntur,
340 2052 610 2114 relinquatur
633 2051 806 2096 interim
829 2050 881 2096 ad
907 2048 1252 2096 exercitationem
1281 2049 1380 2097 fidei
1400 2087 1410 2106 ‚
1441 2061 1483 2097 et

115 2141 292 2186 agonem
311 2122 535 2188 praesentis
561 2121 809 2167 luctationis
825 2158 835 2178 ‚
863 2122 908 2167 in
926 2137 1014 2184 quo
1039 2130 1080 2165 et
1102 2121 1312 2181 Martyres
1342 2132 1484 2168 certa-

115 2205 294 2249 verunt;
315 2194 567 2240 absumatur
589 2209 689 2243 vero
711 2202 753 2237 et
770 2192 865 2255 ipsa
888 2191 932 2237 in
955 2190 1232 2236 renovatione
1255 2192 1450 2256 corporis
1466 2229 1479 2250 ,

115 2281 247 2328 quam
275 2263 528 2310 resurrectio
545 2262 790 2326 pollicetur.
822 2262 890 2308 lbi
917 2261 1032 2307 enim
1068 2261 1238 2323 penitus
1270 2261 1479 2310 absorbe-

114 2337 238 2384 bitur
261 2352 375 2381 mors
394 2335 439 2382 in
458 2334 682 2381 victoriam
700 2333 736 2390 ³,
754 2334 827 2380 cui
845 2333 976 2379 modo
1000 2333 1136 2392 gratia
1151 2332 1315 2380 Christi
1332 2334 1486 2383 adimit

115 2424 327 2469 regnum,
365 2423 418 2452 ne
453 2422 630 2452 suorum
670 2405 832 2451 animas
857 2404 909 2451 ad
944 2420 1098 2468 poenas
1134 2405 1282 2450 tartari
1320 2405 1478 2453 trahat.

116 2477 324 2526 Nonnulli
337 2495 435 2524 sanc
450 2476 618 2524 codices
635 2493 722 2522 non
738 2476 1110 2533 liabe11t‚<‹lneos,
1131 2475 1206 2539 qui
1222 2493 1307 2521 non
1322 2493 1484 2540 pecca-

116 2571 138 2594 »
151 2560 334 2606 verunt,
372 2547 475 2609 sed,
512 2548 557 2595 in
581 2565 679 2604 eos,
712 2547 787 2611 qni
817 2556 1112 2611 peccaverunt
1141 2564 1183 2592 in
1209 2546 1492 2595 similitudine

169 2636 177 2657 ¹
202 2646 214 2666 1
233 2636 305 2666 Cor.
326 2644 377 2672 xv,
403 2634 457 2670 ὀὶ.

1295 2703 1360 2751 17.
