1799 3251
482 291 487 294 .
535 265 746 297 ΕΡῙετοιΑ
782 267 913 297 εινη.
1343 253 1427 304 251

65 344 158 381 tum
197 334 457 398 spiritaliter
485 343 770 393 regeneretur.
815 333 1010 378 Carnalis
1043 343 1185 379 autem
1219 336 1437 394 generatio

67 404 227 451 delicto
252 404 314 450 illi
338 404 436 460 uni,
457 414 498 448 et
519 402 785 454 damnationi
804 405 897 461 ejus
919 403 1103 448 obnoxia
1123 415 1211 457 est;
1234 405 1438 467 spiritalis

66 490 168 520 vero
203 473 465 532 regeneratio
503 489 590 517 non
617 472 755 517 solum
788 471 897 516 illud
933 489 1067 517 unum
1103 485 1283 537 propter
1317 474 1437 537 quod

65 542 348 605 baptizantur
366 542 567 595 infantes,
589 541 660 586 sed
682 540 815 585 multa
835 540 990 586 delicta
1008 541 1114 587 facit
1131 543 1318 598 aboleri,
1338 560 1440 606 quae

67 613 266 658 homines
291 612 400 657 male
430 611 616 657 vivendo
652 611 705 655 ad
739 610 873 666 illud,
909 612 953 656 in
978 628 1065 674 quo
1097 613 1285 671 generati
1309 623 1435 668 sunt,

70 682 350 728 addiderunt.
378 682 483 727 ldeo
516 682 711 744 sequitur
744 692 785 726 et
808 681 915 727 dicit
941 699 951 726 :
981 683 1065 727 «Si
1087 683 1201 728 enim
1232 684 1289 728 ob
1313 683 1442 728 unius

71 772 93 794 »
117 752 326 797 delictum
355 769 470 797 mors
503 753 698 811 regnavit
730 769 809 814 per
846 769 1009 807 unum,
1044 752 1183 797 multo
1213 755 1348 813 magis
1368 753 1444 816 qui

70 843 92 865 »
117 822 430 869 abundantiam
459 823 608 881 gratiae
630 833 672 867 et
691 823 874 882 justitiae,
899 823 1152 885 accipiunt,
1174 824 1325 878 invita
1344 840 1445 883 reg-

70 913 93 935 »
118 893 290 938 nabunt
329 910 406 955 per
434 909 566 937 unum
594 893 741 937 Jesum
780 894 1022 940 Christum.
1054 894 1208 956 ltaque
1229 894 1343 939 sicut
1368 910 1447 956 per

70 982 94 1005 ³>
116 964 244 1009 unius
261 963 469 1015 delictum
485 963 529 1007 in
547 980 694 1007 omnes
713 963 911 1008 homines
930 963 983 1008 ad
1003 964 1411 1010 condemnationem
1433 981 1443 1008 :

73 1053 94 1074 »
117 1033 175 1085 ita,
201 1049 280 1096 per
298 1032 424 1077 unius
443 1033 801 1090 justificationem
830 1034 872 1078 in
889 1050 1038 1078 omncs
1063 1034 1262 1079 homines
1279 1033 1331 1078 ad
1351 1037 1449 1093 jus·-

72 1123 95 1146 »
123 1103 402 1149 tificationcm
427 1103 543 1149 vitae.
577 1104 828 1149 Sicutenim
856 1122 934 1167 per
957 1104 1295 1150 inobedientiam
1324 1104 1451 1149 unius

74 1195 96 1216 »
125 1173 315 1218 hominis
339 1184 588 1236 peccatores
606 1174 829 1219 constituti
856 1185 955 1219 sunt
973 1174 1200 1221 multi:ita
1221 1192 1298 1238 per
1324 1176 1450 1219 unius

74 1265 96 1287 ›>
117 1243 409 1289 obedientiam
430 1243 543 1288 Justi
564 1244 889 1289 constituuntur
909 1243 1081 1290 multi1.
1107 1266 1128 1286 ›>

138 1314 242 1360 ΧΠ.
273 1313 392 1369 Quid
417 1313 472 1358 ad
497 1313 578 1358 ista
609 1314 770 1360 dicturi
795 1318 928 1360 sunt?
955 1325 1027 1359 aut
1058 1314 1166 1376 quid
1198 1314 1256 1360 eis
1291 1324 1446 1367 restat3

75 1383 158 1429 nisi
178 1394 227 1428 ut
248 1382 505 1445 Apostolum
528 1399 686 1429 errasse
705 1384 1004 1429 contendant?
1035 1384 1209 1429 Clamat
1237 1401 1310 1429 vas
1336 1383 1452 1429 elec-

76 1454 204 1499 tionis
221 1490 231 1507 ,
254 1452 408 1498 doctor
423 1453 613 1512 gentium
631 1490 641 1510 ,
669 1455 773 1499 tuba
794 1454 959 1499 Christi
984 1471 994 1498 t
1020 1476 1038 1494 «
1055 1453 1278 1499 Judicium
1299 1471 1346 1498 ex
1366 1469 1452 1500 uno

76 1544 99 1567 ›>
124 1524 169 1568 in
202 1523 624 1569 condemnationem.
651 1545 671 1565 >a
710 1525 764 1569 Et
803 1523 1042 1569 reclamant
1084 1524 1177 1580 isti,
1226 1534 1454 1569 asserentes

77 1593 311 1657 parvulos,
349 1610 459 1656 quos
489 1593 636 1638 exilio
674 1610 762 1639 uno
802 1594 1003 1648 homine,
1036 1593 1089 1639 de
1124 1611 1211 1657 quo
1237 1593 1450 1657 loquitur,

78 1664 238 1709 ducere
263 1663 549 1726 propaginem
587 1664 853 1709 confitentur
871 1701 880 1718 ‚
909 1681 997 1708 non
1034 1664 1095 1708 ire
1119 1665 1163 1709 in
1188 1663 1457 1709 condemna-

80 1733 237 1780 tionem
256 1769 266 1789 ‚
287 1733 364 1777 etsi
379 1733 422 1778 in
444 1733 620 1778 Christo
644 1750 729 1778 non
751 1733 1150 1797 fuerintbaptizati.
1175 1755 1193 1774 «
1211 1733 1453 1787 Judicium,

80 1824 103 1846 »
130 1803 296 1866 inquit,
320 1819 368 1847 ex
392 1818 478 1847 uno
503 1803 546 1847 in
568 1802 992 1850 condemnationem.
1019 1825 1038 1844 >³
1061 1803 1181 1859 Quid
1200 1803 1334 1858 dicit,
1357 1825 1377 1844 «
1398 1804 1457 1848 Ex

81 1894 104 1915 >³
129 1890 217 1918 uno
233 1909 244 1928 ‚
267 1894 287 1914 »
311 1873 414 1927 nisi,
443 1894 462 1913 «
487 1873 685 1919 Delicto‘?
707 1895 726 1915 >2
755 1873 962 1936 Sequitur
985 1874 1099 1919 enim
1123 1892 1133 1919 ε
1155 1895 1174 1915 <‹
1197 1874 1344 1919 Gratia
1374 1891 1455 1919 au-

81 1964 103 1986 »
128 1954 212 1988 tem
238 1960 285 1988 ex
324 1942 471 1987 multis
506 1943 674 1988 delictis
699 1944 742 1988 in
764 1944 1135 2002 justificationem.
1163 1965 1183 1985 n
1208 1944 1322 2002 Ergo
1358 1943 1460 1988 inde

77 2013 297 2074 judicium
317 2012 445 2057 etiam
467 2030 513 2057 ex
533 2029 620 2058 uno
635 2013 797 2059 delicto
814 2013 936 2059 ducit
954 2015 998 2059 in
1018 2013 1426 2059 condemnationem
1445 2031 1456 2058 :

83 2084 191 2129 hinc
211 2092 353 2127 autem
379 2082 515 2141 gratia
536 2083 663 2128 etiam
689 2101 735 2128 ex
769 2084 917 2129 multis
937 2083 1105 2129 delictis
1125 2083 1248 2131 ducit
1264 2084 1310 2129 in
1328 2084 1462 2143 Justi-

84 2152 346 2199 ficationem.
373 2152 654 2215 Quapropter
673 2154 706 2198 si
726 2171 812 2198 non
832 2153 992 2199 audent
1010 2153 1201 2199 resistere
1221 2153 1431 2217 Apostolo
1447 2190 1457 2208 ,

82 2232 300 2286 exponant
321 2222 445 2266 nobis
479 2239 612 2285 quare
634 2223 851 2282 judicium
879 2242 927 2269 ex
954 2241 1041 2270 uno
1066 2224 1228 2269 delicto
1251 2224 1389 2269 ducat
1413 2224 1458 2268 in

86 2291 495 2338 condemnationem
515 2329 525 2347 ,
551 2309 650 2338 cum
681 2311 728 2339 ex
753 2294 900 2340 multis
925 2293 1095 2339 delictis
1117 2293 1315 2339 homines
1338 2294 1466 2339 dam-

87 2362 222 2408 nandi
247 2362 424 2407 veniant
449 2362 503 2407 ad
532 2362 765 2422 judicium.
794 2365 849 2409 At
878 2364 911 2409 si
936 2374 1167 2427 propterea
1200 2364 1260 2409 ita
1295 2364 1466 2410 dictum

88 2443 273 2497 putant,
301 2432 406 2496 quia
424 2432 598 2479 initium
621 2434 792 2497 peccati
816 2452 863 2480 ex
897 2435 1037 2481 Adam
1053 2435 1218 2481 factum
1240 2446 1324 2490 est,
1346 2435 1467 2499 quod

89 2504 247 2557 imitati
264 2503 411 2549 caeteri
433 2514 535 2550 sunt
551 2541 561 2561 ,
584 2515 631 2550 ut
653 2505 713 2551 sic
734 2523 780 2552 ex
801 2523 887 2551 uno
911 2506 988 2552 illo
1011 2505 1172 2552 delicto
1189 2506 1233 2552 in
1245 2506 1465 2566 judicium

139 2588 152 2610 ¹
169 2590 261 2619 Rom.
281 2597 314 2619 v,
332 2597 384 2625 17.
