1799 3251
590 289 802 322 EPISTOLA
838 287 983 320 cmxvi.
1389 279 1480 343 397

111 359 199 405 sive
232 373 390 423 corpus
420 396 431 415 ‚
477 359 564 404 sive
605 357 860 418 incorporea
901 354 1085 401 dicenda
1126 358 1180 402 sit
1205 393 1215 412 ,
1257 359 1483 421 propriam

109 428 343 491 quamdam
363 428 525 474 habere
547 437 764 480 naturam,
786 424 992 469 omnibus
1016 425 1083 471 his
1105 426 1341 472 mundanae
1359 429 1484 474 molis

109 499 328 544 elementis
349 498 644 544 excellentiore
663 495 903 541 substantia
924 506 1130 550 creatam,
1158 514 1257 561 quae
1277 499 1483 544 veraciter

110 586 196 615 non
218 570 353 633 possit
384 570 428 615 in
462 569 605 632 aliqua
637 566 865 630 phantasia
892 567 1184 629 corporalium
1211 570 1449 627 imaginum
1469 605 1480 623 ‚

109 657 214 703 quas
242 657 321 703 per
341 641 484 685 carnis
520 655 664 684 sensus
690 637 987 700 percipilnuS‚
1018 638 1217 696 cogitari,
1249 639 1319 683 secl
1342 651 1485 685 mente

106 709 316 769 intelligi,
341 710 519 772 vitaque
547 707 716 754 sentiri!
734 708 882 769 Neque
906 706 1003 751 haec
1025 707 1209 768 proinde
1236 705 1408 771 loquor,
1437 720 1484 755 ut

110 790 148 825 te
170 796 270 844 quae
294 780 376 825 tibi
401 790 503 826 nota
530 789 631 824 sunt
656 778 832 823 doceam
858 795 868 821 :
895 776 965 821 sed
989 788 1037 822 ut
1058 778 1246 840 aperiam
1272 779 1378 841 quid
1402 780 1483 824 fir-

105 849 291 895 missime
316 849 370 894 de
395 850 533 895 anima
571 859 735 893 teneam
755 884 765 901 ‚
791 863 844 891 ne
870 863 936 890 me
952 846 1180 909 quisquam
1202 883 1211 899 ‚
1237 864 1337 892 cum
1360 848 1483 894 adea

105 935 261 964 venero
286 936 387 982 quae
408 919 582 981 requiro
603 954 613 972 ‚
641 916 755 962 nihil
779 916 832 961 de
860 915 1002 960 anima
1027 915 1093 961 vel
1113 917 1289 962 scientia
1311 917 1377 962 vel
1396 918 1483 964 fide

105 999 246 1034 tenere
272 990 520 1034 arbitretur.

169 1060 219 1106 V.
249 1059 403 1105 Certus
429 1058 557 1103 etiam
580 1074 692 1112 sum,
730 1056 916 1104 animam
938 1056 1055 1102 nulla
1078 1057 1155 1101 Dei
1179 1056 1327 1120 culpa,
1356 1057 1475 1104 nulla

105 1129 182 1174 Dei
197 1128 444 1174 necessitate
463 1127 530 1173 vel
549 1143 642 1182 sua,
667 1125 736 1172 sed
751 1127 931 1189 propria
956 1126 1177 1171 voluntate
1192 1127 1233 1171 in
1248 1138 1479 1189 peccatum

103 1214 189 1243 esse
215 1198 451 1261 collapsam
476 1215 487 1242 ε
514 1214 593 1242 nec
610 1197 782 1242 liberari
807 1213 930 1259 posse
953 1196 1005 1242 de
1023 1213 1205 1259 corpore
1222 1198 1371 1242 mortis
1394 1197 1478 1244 hu-

96 1271 169 1327 jus
184 1269 249 1315 vel
269 1285 358 1314 suae
379 1268 613 1314 voluntatis
638 1267 812 1320 virtute,
843 1279 1049 1329 tanquam
1074 1267 1157 1312 sibi
1181 1268 1232 1312 ad
1258 1269 1341 1313 hoc
1364 1267 1479 1312 suffi-

102 1339 259 1393 ciente,
276 1338 343 1384 vel
356 1339 491 1401 ipsius
503 1338 698 1401 corporis
714 1348 872 1393 morte3
895 1337 966 1381 sed
982 1338 1118 1395 gratia
1140 1339 1213 1382 Dei
1239 1354 1313 1400 per
1332 1342 1475 1383 jesum

104 1408 328 1453 Christum
353 1409 589 1454 Dominum
615 1418 809 1452 nostrum
843 1425 852 1451 :
878 1424 955 1451 nec
975 1408 1151 1451 omnino
1176 1424 1260 1451 esse
1290 1408 1475 1452 animam

103 1478 236 1524 ullam
262 1479 306 1524 in
319 1495 469 1538 genere
488 1478 700 1532 humano3
726 1477 796 1521 cui
826 1493 909 1521 non
937 1477 988 1521 sit
1008 1478 1266 1521 necessarius
1294 1477 1346 1521 ad
1368 1477 1475 1524 libe·

100 1550 307 1595 rationem
324 1548 536 1594 mediator
554 1549 635 1592 Dei
651 1559 693 1592 et
711 1548 940 1592 hominum
963 1547 1096 1591 homo
1114 1547 1313 1592 Christus
1334 1551 1466 1596 JesuS.

101 1621 404 1683 Quaecumque
432 1629 573 1665 autem
595 1618 683 1662 sine
698 1618 830 1677 gratia
870 1617 1115 1662 mediatoris
1136 1628 1176 1661 et
1203 1635 1393 1663 sncrame
1415 1631 1474 1665 2to

99 1695 206 1751 ejus,
232 1692 277 1737 in
296 1690 492 1753 qualibet
513 1689 707 1751 corporis
721 1699 863 1743 aetate,
893 1688 945 1732 de
966 1705 1146 1750 corpore
1170 1689 1331 1743 exierit,
1356 1701 1396 1734 et
1430 1691 1473 1736 in

98 1761 502 1825 poenamfuturam⁷
527 1761 628 1804 etin
657 1758 809 1804 ultimo
828 1758 996 1817 judicio
1021 1769 1292 1820 recepturam
1314 1777 1474 1823 corpus

99 1831 153 1877 ad
178 1847 370 1894 poenam.
397 1831 441 1874 Si
461 1840 600 1874 autem
627 1839 724 1891 post
741 1828 1059 1887 generationem
1093 1828 1350 1885 humanam,
1374 1847 1474 1893 quae

98 1903 210 1947 lacta
232 1912 294 1946 est
314 1918 360 1945 ex
391 1900 547 1955 Adam,
572 1909 845 1958 regeneretur
869 1899 911 1943 in
945 1899 1122 1943 Christo
1145 1898 1196 1942 acl
1218 1902 1307 1957 ejus
1331 1901 1472 1962 perti-

97 1988 202 2017 nens
225 1971 486 2025 societatem‚
515 1980 556 2015 et
580 1970 770 2032 requiem
793 1980 891 2032 post
915 1980 1097 2013 mortem
1120 1971 1315 2031 corporis
1337 1971 1473 2016 habi-

98 2053 259 2097 turam,
287 2052 327 2087 et
342 2057 502 2104 corpus
521 2039 575 2085 ad
591 2040 771 2099 gloriam
790 2051 1078 2102 recepturam.
1104 2040 1210 2085 liaec
1225 2052 1341 2097 sunt,
1372 2059 1472 2105 quae

97 2113 151 2158 de
176 2112 318 2158 anima
343 2112 584 2158 firmissime
605 2121 744 2156 teneo.

161 2183 237 2228 Vl.
273 2183 400 2227 Nunc
424 2182 592 2243 accipe.
615 2197 780 2243 quaeso,
808 2179 913 2242 quid
945 2179 1179 2241 requiram,
1211 2191 1252 2225 et
1289 2181 1377 2226 noli
1403 2200 1471 2228 me

95 2269 316 2329 spernere
339 2252 399 2296 sic
423 2268 508 2296 non
532 2261 574 2296 te
602 2255 793 2313 sperni&
827 2251 902 2312 qui
938 2267 1016 2311 pro
1039 2250 1164 2295 nobis
1187 2250 1471 2309 dignatusest

95 2322 255 2386 sperni.
294 2324 456 2378 Ouaero
480 2321 558 2366 ubi
581 2321 838 2366 contraxerit
871 2321 1013 2365 anima
1042 2331 1225 2375 reatum,
1255 2337 1342 2383 quo
1377 2332 1470 2368 tta-

95 2393 277 2438 hiturin
297 2391 730 2448 condemnationem3
756 2392 809 2436 eti
818 2408 884 2436 nn
900 2390 1055 2435 infanti
1044 2408 1076 2435 5
1092 2401 1228 2435 morte
1245 2409 1367 2454 praev
1371 2394 1471 2451 enti,

96 2464 129 2509 si
149 2464 185 2508 ei
209 2480 287 2526 per
327 2472 664 2516 sacramentum,
704 2479 791 2525 quo
819 2462 946 2507 etiam
978 2461 1145 2522 parvuli
1170 2462 1469 2524 baptizanture

98 2534 262 2580 Christi
281 2534 416 2593 gratia
437 2549 524 2578 non
557 2533 818 2579 subvenerit.
856 2534 952 2578 Non
985 2533 1097 2577 enim
1125 2550 1165 2577 es
1189 2549 1233 2577 cx
1272 2532 1373 2588 illis,
1396 2536 1471 2597 qui

96 2604 227 2651 modo
250 2621 361 2650 nova
388 2602 589 2666 quaedam
617 2604 775 2663 garrire
795 2613 1040 2666 coeperunt,
1073 2602 1265 2648 dieentes
1300 2602 1467 2650 nullum
