1799 3251
588 280 799 312 nms‘rom
836 280 929 311 ειν.
1362 271 1456 334 239

83 342 259 404 diligere
281 346 400 409 quod
424 346 691 407 diligendum
712 357 787 394 est.
830 347 881 392 ld
915 347 1067 407 eligere
1087 348 1327 396 Prudentia
1355 364 1417 398 est
1440 373 1454 407 3

82 414 212 460 nullis
235 416 336 462 inde
358 418 491 464 averti
515 417 718 463 molestiis
734 453 744 472 ,
784 417 1010 463 Fortitudo
1035 429 1122 472 est3
1151 419 1279 465 nullis
1307 421 1458 468 illece-

83 485 193 540 bris,
221 488 526 552 Temperantia
543 499 632 543 est;
661 488 779 534 nulla
801 490 1023 551 superbia.
1044 490 1216 536 Justitia
1241 503 1316 538 cst.
1336 492 1456 548 Quid

86 566 226 602 autem
243 558 449 618 eligamus
465 560 583 623 quod
602 560 827 623 praecipue
845 560 1076 620 diligamus
1095 599 1105 616 ,
1128 562 1207 607 nisi
1231 580 1318 626 quo
1344 563 1458 609 nihil

86 626 237 673 melius
258 628 525 676 invenimus?
543 630 638 675 Hoc
660 631 774 675 Deus
800 641 879 685 est,
903 631 973 676 cui
990 631 1023 675 si
1049 631 1269 690 diligendo
1290 633 1457 696 aliquid

86 696 152 742 vel
168 700 489 761 praeponimus,
514 699 581 746 vel
599 717 824 763 aequamus
844 738 853 755 ,
879 718 955 746 nos
973 701 1089 763 ipsos
1110 701 1287 761 diligere
1314 705 1457 747 nesci-

86 784 196 815 mus,
220 770 361 816 Tanto
379 771 491 816 enim
513 771 637 817 nobis
655 770 804 816 melius
825 783 909 827 est,
936 783 1101 834 quanto
1128 773 1261 832 magis
1276 773 1320 818 in
1335 772 1458 818 illum

86 838 220 895 imus,
246 857 335 903 quo
361 842 473 888 nihil
494 842 646 887 melius
664 852 738 888 est.
760 843 879 887 Imus
901 853 1042 888 autem
1062 860 1149 888 non
1169 843 1457 899 ambulando,

87 909 161 955 sed
199 911 398 959 amando.
451 913 591 969 Quem
631 922 752 958 tanto
795 913 1059 959 habebimus
1100 914 1423 977 praesentiorem
1448 951 1458 970 ,

88 991 252 1042 quanto
276 982 474 1028 eumdem
499 1000 712 1040 amorem,
735 1000 822 1046 quo
846 983 890 1029 in
914 1001 1011 1030 eum
1037 985 1275 1030 tendimus.
1299 996 1460 1048 potue-

88 1050 222 1096 rimus
239 1050 402 1098 habere
418 1053 642 1116 puriorem
667 1070 677 1097 z
707 1070 787 1098 nec
803 1053 918 1098 enim
944 1053 1052 1099 locis
1073 1054 1376 1117 corporalibus
1396 1054 1462 1100 vel

88 1120 331 1168 extenditur
348 1123 414 1169 vel
434 1122 690 1170 includitur.
722 1124 790 1169 Ad
821 1141 920 1170 eum
943 1141 1043 1184 ergo
1066 1125 1144 1188 qui
1165 1124 1327 1189 ubique
1343 1142 1463 1188 prae-

88 1208 182 1237 sens
204 1202 264 1237 est
286 1204 328 1238 et
346 1194 509 1257 ubique
538 1204 674 1250 totus,
702 1212 791 1241 non
812 1195 1000 1258 pedibus
1024 1196 1086 1241 ire
1109 1196 1236 1253 licet,
1268 1195 1340 1241 sed
1366 1212 1464 1240 mo-

88 1261 228 1307 ribus.
253 1267 395 1309 Mores
416 1264 531 1309 enim
553 1265 688 1310 nostri
708 1302 718 1320 ,
739 1282 827 1310 non
843 1282 891 1310 ex
909 1283 958 1311 eo
981 1265 1106 1328 quod
1123 1266 1308 1329 quisque
1322 1267 1461 1319 novit,

89 1331 162 1378 sed
187 1350 233 1378 ex
257 1350 306 1379 eo
325 1334 446 1397 quod
463 1334 634 1394 diligit,
660 1335 894 1394 dijudicari
915 1336 1063 1381 solent.
1088 1337 1178 1381 Nec
1197 1336 1366 1382 faciunt
1382 1337 1465 1381 ho-

90 1419 168 1449 nos
191 1404 258 1452 vel
291 1404 426 1450 malos
461 1422 623 1459 mores,
660 1405 740 1450 nisi
776 1406 878 1450 boni
907 1406 974 1452 vel
1011 1406 1112 1451 mali
1144 1424 1321 1454 amores.
1353 1409 1466 1452 Pra-

90 1473 224 1520 vitate
249 1491 347 1535 ergo
371 1485 543 1531 nostra,
572 1493 595 1520 a
616 1475 879 1521 rectitudine
905 1477 984 1522 Dei
1007 1477 1132 1536 longe
1150 1494 1313 1522 sumus.
1342 1476 1466 1522 Unde

91 1554 256 1590 rectum
282 1545 467 1591 amando
489 1546 766 1611 corrigimur,
791 1558 839 1592 ut
862 1557 979 1593 recto
1000 1549 1106 1593 recti
1126 1547 1349 1594 adheerere
1366 1565 1465 1611 pos-

91 1631 237 1662 Slmus.

156 1686 271 1734 XIV.
307 1686 374 1732 Ad
407 1687 528 1733 illum
556 1705 655 1748 ergo
686 1697 848 1751 quanta
884 1704 1015 1751 opera
1048 1704 1305 1750 possumus,
1337 1688 1466 1733 etiam

92 1756 155 1802 illi
191 1769 241 1803 ut
275 1759 530 1820 perveniant
558 1775 733 1818 agamus
757 1796 767 1814 ,
796 1775 905 1820 quos
945 1769 1148 1820 tanquam
1183 1759 1469 1821 nosmetipsos

93 1828 339 1888 diligimus,
379 1829 413 1874 si
440 1830 724 1892 nosmetipsos
756 1829 932 1888 diligere
966 1828 1090 1874 illum
1123 1829 1343 1889 diligendo
1373 1834 1466 1889 jam

93 1900 312 1945 novimus.
355 1899 558 1945 Christus
594 1916 780 1963 namque
805 1899 849 1944 id
874 1911 961 1955 est,
987 1899 1152 1945 Veritas
1175 1936 1184 1954 ,
1210 1900 1350 1955 dicit,
1377 1902 1467 1944 «In

94 1992 115 2012 >³
131 1970 200 2016 his
220 1970 393 2016 duobus
412 1971 646 2034 praeceptis
672 1981 807 2016 totam
833 1971 988 2030 Legem
1015 1970 1344 2034 prophetasque
1363 1988 1469 2034 pen-

95 2061 114 2082 »
135 2040 258 2097 dere,
285 2051 332 2086 ut
357 2040 588 2102 diligamus
610 2042 749 2087 Deum
771 2057 819 2086 ex
847 2051 937 2086 toto
958 2040 1088 2086 corde
1105 2077 1115 2096 ‚
1134 2058 1179 2086 ex
1202 2051 1290 2086 tota
1304 2042 1464 2097 anima,

96 2133 117 2154 »
134 2128 181 2156 ex
204 2122 291 2157 tota
312 2123 475 2167 mente,
496 2123 538 2158 ct
557 2112 787 2172 diligamus
811 2112 1029 2174 proximos
1046 2122 1257 2190 tanquam
1275 2124 1469 2158 nosmet-

96 2205 116 2225 »
131 2182 295 2261 ipsosffl
324 2183 595 2228 »Proximus
625 2200 724 2228 sane
757 2183 844 2228 hoe
870 2182 965 2228 loco
999 2200 1086 2227 non
1110 2182 1328 2242 sanguinis
1359 2201 1470 2246 pro-

97 2253 367 2317 pinquitate‚
396 2253 468 2298 sed
494 2253 671 2299 lationis
694 2253 895 2299 societate
922 2252 1172 2316 pensandus
1197 2263 1290 2308 est,
1312 2252 1359 2298 in
1382 2270 1470 2317 qua

97 2341 166 2370 so(
173 2324 200 2369 ii
226 2335 326 2369 sunt
355 2341 501 2369 omnes
530 2323 739 2370 homines.
781 2324 890 2368 Nam
917 2324 947 2368 si
980 2323 1178 2386 pecuniae
1200 2340 1219 2366 l
1223 2323 1310 2367 atio
1332 2324 1471 2369 socios

97 2395 216 2450 facit,
243 2406 408 2458 quanto
439 2412 549 2453 mag
543 2412 573 2439 5
606 2395 714 2439 ratio
739 2405 936 2442 natuifflae
975 2410 1061 2438 non
1095 2392 1370 2452 negotiandi,
1398 2394 1472 2439 sed

97 2466 301 2512 nascendi
321 2465 411 2525 lege
435 2466 694 2510 communis.
721 2465 836 2510 Hinc
854 2476 895 2509 et
916 2464 1210 2509 ille(]oiui‹1‘us
1237 2465 1252 2526 (
1273 2465 1384 2509 sicut
1408 2465 1472 2510 lu-

99 2536 281 2582 culentis
313 2536 492 2595 ingeniis
529 2553 615 2580 non
640 2535 745 2580 desit
781 2534 1098 2598 resplendentia
1130 2534 1350 2596 veritatis)
1374 2552 1472 2581 cum

149 2622 156 2642 ¹
180 2617 296 2653 Manli.
318 2631 398 2658 nir,
419 2626 471 2655 ἴω.
