1799 3251
503 263 507 265 Α
537 274 747 306 EPISTOLA
783 274 962 305 evant.
1367 254 1453 302 165

87 340 167 389 luit
196 342 444 406 apparuisse
466 342 516 387 iis
532 342 692 405 quibus
716 339 937 403 apparuit,
959 337 1134 402 quando
1158 354 1235 401 per
1259 337 1453 400 corporis

86 413 234 459 oculos
259 414 302 459 in
330 413 565 477 Scripturis
587 412 743 458 sanctis
770 411 883 456 visus
900 427 986 455 esse
1007 420 1224 461 narratur,
1259 408 1301 453 in
1323 408 1452 465 adju-

84 484 194 529 torio
223 484 402 530 Domini
438 483 690 529 inconcusse
713 481 860 535 credo,
887 490 927 525 et
959 490 1171 543 quantum
1194 479 1284 541 ipse
1319 478 1453 522 donat

81 553 289 613 intelligo,

144 623 259 669 XVI.
286 625 348 668 De
368 623 550 686 spiritali
570 633 710 668 autem
731 636 930 682 corpore,
947 619 1066 682 quod
1079 619 1124 663 in
1138 618 1450 663 resurrectione

77 691 353 746 habebimus,
383 703 589 756 quantam
625 692 769 753 capiat
799 692 845 735 in
868 689 1018 734 melius
1039 689 1447 740 commutationem,

77 772 220 807 utrum
242 763 284 808 in
303 763 621 825 simplicitatem
634 763 809 824 spiritus
828 759 970 814 cedat,
1001 770 1047 804 ut
1067 769 1182 803 totus
1206 758 1340 802 homo
1355 761 1449 817 jam

72 832 247 894 spiritus
265 833 341 886 sit;
375 851 427 877 an
446 833 564 896 quod
590 832 722 890 magis
749 842 880 894 puto,
907 829 981 875 sed
1006 828 1202 874 nondum
1237 828 1366 890 plena
1393 830 1451 872 fi-

74 901 202 948 ducia
221 905 432 949 confirmo
447 904 503 948 ita
523 904 716 948 futurum
735 903 788 947 sit
803 900 993 964 spiritale
1008 917 1184 963 corpus,
1212 911 1452 962 utproptcr

72 972 332 1019 ineffabilem
357 973 595 1036 quamdam
614 973 863 1018 facilitatem
890 970 1081 1034 spiritale
1104 970 1294 1024 dicatur,
1313 980 1452 1014 servet

76 1052 219 1088 tamen
239 1043 525 1088 substantiam
546 1042 844 1106 corporalem
872 1058 972 1104 quae
995 1058 1070 1104 per
1092 1040 1287 1103 seipsam
1310 1040 1452 1084 vixere

68 1129 119 1157 ac
138 1114 292 1158 sentire
315 1131 401 1159 non
422 1114 573 1176 possit,
616 1113 689 1158 sed
710 1130 789 1176 pet
810 1112 937 1157 illum
975 1111 1053 1174 qui
1075 1128 1123 1155 ea
1146 1111 1282 1155 utitur
1314 1109 1449 1172 spiri-

26 1211 37 1222 ·
68 1191 193 1226 tum:
218 1199 356 1245 neque
379 1184 494 1228 enim
517 1195 558 1228 et
581 1199 717 1238 nunc,
738 1183 841 1245 quia
869 1198 1030 1245 corpus
1051 1181 1216 1226 dicitur
1240 1180 1445 1235 animale,

67 1252 216 1298 eadem
238 1264 301 1298 est
327 1254 481 1299 animae
504 1265 660 1299 natura
685 1270 785 1316 quae
806 1253 1032 1316 corporis:
1061 1263 1102 1297 et
1122 1262 1268 1296 utrum
1293 1251 1326 1295 si
1345 1268 1452 1295 coi-

66 1322 199 1384 poris,
223 1323 526 1386 quamvisjam
547 1323 804 1368 immortalis
834 1334 961 1386 atque
977 1320 1351 1384 incorruptibilis,
1368 1338 1451 1365 na-

66 1402 164 1437 tura
188 1394 450 1448 servabitur,
479 1393 653 1453 adjuvet
676 1405 783 1439 tunc
809 1392 973 1456 aliquid
996 1392 1198 1455 spiritum
1221 1390 1270 1437 ad
1289 1390 1447 1435 viden-

63 1460 207 1507 dum
196 1480 289 1525 ipsa
328 1463 530 1521 visibilia,
573 1463 619 1508 id
648 1475 728 1519 est,
771 1462 1036 1526 corporalii,
1079 1463 1190 1506 sicut
1213 1477 1331 1505 nun(
1363 1460 1447 1505 emh

63 1531 230 1596 aliquid
273 1533 354 1579 nisi
395 1551 474 1596 per
510 1551 669 1596 corpus
695 1534 841 1580 videre
865 1551 951 1578 non
974 1549 1226 1596 possumus3
1255 1549 1307 1576 ιιι
1344 1548 1443 1575 icio

60 1603 186 1648 etiam
222 1614 327 1649 tunc
359 1603 448 1649 sine
479 1621 640 1664 organo
674 1604 868 1682 corp01is
904 1603 1042 1648 xaleat
1079 1602 1257 1664 spiritus
1297 1611 1441 1645 nostei

60 1689 181 1718 nosse
214 1674 459 1737 corporalia
498 1676 665 1737 (neque
695 1675 811 1720 enim
837 1685 878 1719 et
906 1675 1020 1718 Deus
1061 1673 1160 1717 talia
1182 1688 1258 1735 pei
1295 1688 1438 1716 sensus

58 1744 252 1806 corporis
269 1746 392 1790 novit
413 1763 422 1789 :
441 1745 459 1807 >
483 1755 524 1790 et
543 1745 680 1790 multa
696 1744 777 1790 alia
798 1761 897 1807 quae
916 1744 962 1789 in
986 1743 1069 1788 hac
1094 1742 1330 1805 quaestione
1348 1759 1437 1786 mo-

57 1829 152 1858 vere
171 1825 369 1876 possunt,
407 1814 542 1860 fateor
578 1832 645 1860 ine
686 1814 880 1860 nondum
928 1813 1091 1859 alicubi
1114 1813 1279 1872 legisse,
1317 1811 1435 1874 quod

57 1883 166 1929 mihi
184 1884 374 1931 sufficere
394 1886 677 1931 existimarem
702 1886 789 1931 sive
808 1885 862 1931 ad
893 1884 1148 1930 discendum
1174 1886 1260 1928 sive
1282 1882 1334 1927 ad
1358 1883 1434 1927 do-

19 1990 23 1995 .
54 1954 260 2001 cendum.

119 2024 260 2070 XVII.
289 2027 352 2072 Ac
372 2043 449 2089 per
468 2026 554 2072 hoc
570 2026 603 2071 si
623 2042 710 2071 non
723 2025 925 2089 displicet
945 2025 1048 2070 huic
1068 2024 1190 2069 fratri
1207 2040 1295 2068 mea
1317 2039 1432 2085 quti-

51 2093 294 2158 liscumque
329 2095 512 2152 cautela,
540 2096 711 2141 interim
738 2106 919 2159 propter
939 2094 1060 2158 quod
1096 2094 1308 2157 scriptum
1331 2103 1391 2138 est
1414 2110 1423 2136 ε

51 2185 70 2205 «
88 2164 305 2221 Quoniam
320 2166 564 2212 videbimus
586 2183 684 2211 eum
705 2166 832 2211 sicuti
849 2177 911 2211 est
935 2166 972 2221 ¹1,
995 2188 1013 2206 ›)
1029 2175 1246 2228 quantum
1272 2180 1431 2226 possu-

49 2252 173 2289 mus,
213 2252 288 2281 cor
325 2236 540 2282 mundum
575 2236 637 2282 ad·
668 2236 786 2282 illam
828 2237 1036 2281 visionem
1068 2236 1163 2299 ipso
1197 2234 1430 2294 adjuvante

47 2323 359 2370 praeparemus.
391 2308 454 2352 De
467 2324 649 2370 corpore
668 2317 810 2352 autem
839 2307 1023 2370 spiritali
1045 2306 1243 2369 pacatius
1260 2316 1300 2350 et
1323 2304 1429 2349 dili-

48 2377 216 2435 gentius
229 2376 519 2439 inquiramus,
544 2394 595 2422 ne
614 2376 724 2422 forte
744 2377 912 2440 aliquid
938 2387 1104 2422 certum
1123 2393 1172 2421 ac
1190 2375 1424 2438 liquidum.

51 2446 84 2491 si
109 2446 341 2492 nobishoc
361 2447 463 2493 utile
481 2465 566 2493 esse
597 2448 735 2493 novit.
775 2447 1010 2493 secundum
1057 2446 1305 2510 Scripturas
1332 2463 1426 2490 suas

45 2517 160 2562 Deus
175 2516 690 2576 digneturdemonstrare.
713 2520 755 2564 Si
775 2519 886 2564 enim
911 2518 993 2563 hot·
1018 2518 1225 2563 {mouerit
1241 2517 1425 2580 inquisio

97 2601 106 2621 l
135 2611 145 2629 1
169 2601 390 2637 J0511.111,2.
