<?xml version="1.0" encoding="UTF-8"?>
<!DOCTYPE html PUBLIC "-//W3C//DTD XHTML 1.0 Transitional//EN"
    "http://www.w3.org/TR/xhtml1/DTD/xhtml1-transitional.dtd">
<html xmlns="http://www.w3.org/1999/xhtml" xml:lang="en" lang="en">
 <head>
  <title>
</title>
<meta http-equiv="Content-Type" content="text/html;charset=utf-8" />
  <meta name='ocr-system' content='tesseract 3.04.00' />
  <meta name='ocr-capabilities' content='ocr_page ocr_carea ocr_par ocr_line ocrx_word'/>
</head>
<body>
  <div class='ocr_page' id='page_1' title='image "./operaomniaaccura40auguuoft/operaomniaaccura40auguuoft_0513.png"; bbox 0 0 1799 3251; ppageno 0'>
   <div class='ocr_carea' id='block_1_1' title="bbox 508 284 1422 330">
    <p class='ocr_par' dir='ltr' id='par_1_1' title="bbox 508 284 1422 330">
     <span class='ocr_line' id='line_1_1' title="bbox 508 284 1422 330; baseline 0 0"><span class='ocrx_word' id='word_1_1' title='bbox 508 298 719 330; x_wconf 81' lang='lat' dir='ltr'><strong>EPISTOLA</strong></span> <span class='ocrx_word' id='word_1_2' title='bbox 755 297 959 329; x_wconf 64' lang='lat' dir='ltr'>cmxxxvl.</span> <span class='ocrx_word' id='word_1_3' title='bbox 1339 284 1422 330; x_wconf 79' lang='lat'>501</span> 
     </span>
    </p>
   </div>
   <div class='ocr_carea' id='block_1_2' title="bbox 52 362 1446 2598">
    <p class='ocr_par' dir='ltr' id='par_1_2' title="bbox 57 362 1432 703">
     <span class='ocr_line' id='line_1_2' title="bbox 57 362 1426 421; baseline -0.001 -13"><span class='ocrx_word' id='word_1_4' title='bbox 57 362 211 409; x_wconf 73' lang='lat' dir='ltr'>facem.</span> <span class='ocrx_word' id='word_1_5' title='bbox 245 365 300 410; x_wconf 87' lang='lat' dir='ltr'>Et</span> <span class='ocrx_word' id='word_1_6' title='bbox 325 363 553 410; x_wconf 89' lang='lat' dir='ltr'>victoriam</span> <span class='ocrx_word' id='word_1_7' title='bbox 572 374 763 409; x_wconf 89' lang='lat' dir='ltr'>nostram</span> <span class='ocrx_word' id='word_1_8' title='bbox 787 380 872 408; x_wconf 90' lang='lat' dir='ltr'>non</span> <span class='ocrx_word' id='word_1_9' title='bbox 896 381 942 408; x_wconf 84' lang='lat' dir='ltr'>ex</span> <span class='ocrx_word' id='word_1_10' title='bbox 968 364 1047 408; x_wconf 90' lang='lat' dir='ltr'>Dei</span> <span class='ocrx_word' id='word_1_11' title='bbox 1067 362 1283 421; x_wconf 77' lang='lat' dir='ltr'>adjutorio</span> <span class='ocrx_word' id='word_1_12' title='bbox 1308 379 1393 408; x_wconf 90' lang='lat' dir='ltr'>esse</span> <span class='ocrx_word' id='word_1_13' title='bbox 1415 400 1426 418; x_wconf 92' lang='lat'><strong><em>‚</em></strong></span> 
     </span>
     <span class='ocr_line' id='line_1_3' title="bbox 59 432 1430 495; baseline -0.001 -17"><span class='ocrx_word' id='word_1_14' title='bbox 59 432 133 478; x_wconf 89' lang='lat' dir='ltr'>sed</span> <span class='ocrx_word' id='word_1_15' title='bbox 149 450 196 478; x_wconf 86' lang='lat' dir='ltr'>ex</span> <span class='ocrx_word' id='word_1_16' title='bbox 220 434 358 480; x_wconf 83' lang='lat' dir='ltr'>libero</span> <span class='ocrx_word' id='word_1_17' title='bbox 378 434 575 480; x_wconf 82' lang='lat' dir='ltr'>arbitrio.</span> <span class='ocrx_word' id='word_1_18' title='bbox 614 433 670 477; x_wconf 86' lang='lat' dir='ltr'>Et</span> <span class='ocrx_word' id='word_1_19' title='bbox 696 432 811 495; x_wconf 77' lang='lat' dir='ltr'>quod</span> <span class='ocrx_word' id='word_1_20' title='bbox 841 433 1158 495; x_wconf 87' lang='lat' dir='ltr'>poenitentibus</span> <span class='ocrx_word' id='word_1_21' title='bbox 1189 432 1311 477; x_wconf 83' lang='lat' dir='ltr'>venia</span> <span class='ocrx_word' id='word_1_22' title='bbox 1343 449 1430 477; x_wconf 90' lang='lat' dir='ltr'>non</span> 
     </span>
     <span class='ocr_line' id='line_1_4' title="bbox 59 501 1428 564; baseline -0.002 -15"><span class='ocrx_word' id='word_1_23' title='bbox 59 502 187 549; x_wconf 91' lang='lat' dir='ltr'>detur</span> <span class='ocrx_word' id='word_1_24' title='bbox 214 504 452 550; x_wconf 88' lang='lat' dir='ltr'>secundum</span> <span class='ocrx_word' id='word_1_25' title='bbox 484 503 663 564; x_wconf 83' lang='lat' dir='ltr'><strong>gratiam</strong></span> <span class='ocrx_word' id='word_1_26' title='bbox 690 513 732 547; x_wconf 89' lang='lat' dir='ltr'>et</span> <span class='ocrx_word' id='word_1_27' title='bbox 761 502 1101 548; x_wconf 75' lang='lat' dir='ltr'>misericordiam</span> <span class='ocrx_word' id='word_1_28' title='bbox 1130 502 1233 558; x_wconf 84' lang='lat' dir='ltr'>Dei,</span> <span class='ocrx_word' id='word_1_29' title='bbox 1264 501 1336 547; x_wconf 88' lang='lat' dir='ltr'>sed</span> <span class='ocrx_word' id='word_1_30' title='bbox 1363 519 1428 547; x_wconf 90' lang='lat' dir='ltr'>se-</span> 
     </span>
     <span class='ocr_line' id='line_1_5' title="bbox 59 573 1432 636; baseline -0.001 -18"><span class='ocrx_word' id='word_1_31' title='bbox 59 574 252 620; x_wconf 89' lang='lat' dir='ltr'>cundum</span> <span class='ocrx_word' id='word_1_32' title='bbox 268 575 491 630; x_wconf 83' lang='lat' dir='ltr'>meritum,</span> <span class='ocrx_word' id='word_1_33' title='bbox 510 574 753 619; x_wconf 88' lang='lat' dir='ltr'>etlaborem</span> <span class='ocrx_word' id='word_1_34' title='bbox 763 589 931 630; x_wconf 88' lang='lat' dir='ltr'>eorum,</span> <span class='ocrx_word' id='word_1_35' title='bbox 947 574 1025 635; x_wconf 89' lang='lat' dir='ltr'>qui</span> <span class='ocrx_word' id='word_1_36' title='bbox 1041 590 1119 636; x_wconf 88' lang='lat' dir='ltr'>per</span> <span class='ocrx_word' id='word_1_37' title='bbox 1129 573 1432 635; x_wconf 89' lang='lat' dir='ltr'>poenitentiam</span> 
     </span>
     <span class='ocr_line' id='line_1_6' title="bbox 58 642 737 703; baseline 0 -15"><span class='ocrx_word' id='word_1_38' title='bbox 58 642 176 703; x_wconf 86' lang='lat' dir='ltr'>digni</span> <span class='ocrx_word' id='word_1_39' title='bbox 201 644 362 690; x_wconf 88' lang='lat' dir='ltr'>fuerint</span> <span class='ocrx_word' id='word_1_40' title='bbox 386 642 698 689; x_wconf 85' lang='lat' dir='ltr'>misericordia.</span> <span class='ocrx_word' id='word_1_41' title='bbox 718 663 737 684; x_wconf 75' lang='lat'>&gt;³</span> 
     </span>
    </p>

    <p class='ocr_par' dir='ltr' id='par_1_3' title="bbox 52 711 1446 2598">
     <span class='ocr_line' id='line_1_7' title="bbox 124 711 1428 772; baseline -0.003 -13"><span class='ocrx_word' id='word_1_42' title='bbox 124 714 336 760; x_wconf 82' lang='lat' dir='ltr'><strong>XXXIII.</strong></span> <span class='ocrx_word' id='word_1_43' title='bbox 380 714 487 759; x_wconf 86' lang='lat' dir='ltr'>Haec</span> <span class='ocrx_word' id='word_1_44' title='bbox 514 713 659 758; x_wconf 89' lang='lat' dir='ltr'>omnia</span> <span class='ocrx_word' id='word_1_45' title='bbox 694 712 895 772; x_wconf 86' lang='lat' dir='ltr'>Pelagius</span> <span class='ocrx_word' id='word_1_46' title='bbox 925 713 985 757; x_wconf 91' lang='lat' dir='ltr'>sic</span> <span class='ocrx_word' id='word_1_47' title='bbox 1021 711 1428 766; x_wconf 83' lang='lat' dir='ltr'>anathematizavit,</span> 
     </span>
     <span class='ocr_line' id='line_1_8' title="bbox 59 779 1434 844; baseline -0.003 -17"><span class='ocrx_word' id='word_1_48' title='bbox 59 781 178 844; x_wconf 90' lang='lat' dir='ltr'>quod</span> <span class='ocrx_word' id='word_1_49' title='bbox 204 783 303 827; x_wconf 87' lang='lat' dir='ltr'>satis</span> <span class='ocrx_word' id='word_1_50' title='bbox 334 782 464 827; x_wconf 89' lang='lat' dir='ltr'>Gesta</span> <span class='ocrx_word' id='word_1_51' title='bbox 488 782 581 844; x_wconf 88' lang='lat' dir='ltr'>ipsa</span> <span class='ocrx_word' id='word_1_52' title='bbox 607 792 845 836; x_wconf 79' lang='lat' dir='ltr'>testantur,</span> <span class='ocrx_word' id='word_1_53' title='bbox 872 791 922 825; x_wconf 91' lang='lat' dir='ltr'>ut</span> <span class='ocrx_word' id='word_1_54' title='bbox 951 779 1065 825; x_wconf 88' lang='lat' dir='ltr'>nihil</span> <span class='ocrx_word' id='word_1_55' title='bbox 1094 779 1145 824; x_wconf 89' lang='lat' dir='ltr'>ad</span> <span class='ocrx_word' id='word_1_56' title='bbox 1173 796 1220 824; x_wconf 90' lang='lat' dir='ltr'>ea</span> <span class='ocrx_word' id='word_1_57' title='bbox 1256 795 1434 842; x_wconf 86' lang='lat' dir='ltr'>quoquo</span> 
     </span>
     <span class='ocr_line' id='line_1_9' title="bbox 59 849 1434 914; baseline -0.001 -19"><span class='ocrx_word' id='word_1_58' title='bbox 59 851 190 896; x_wconf 90' lang='lat' dir='ltr'>modo</span> <span class='ocrx_word' id='word_1_59' title='bbox 204 851 474 897; x_wconf 88' lang='lat' dir='ltr'>defendenda</span> <span class='ocrx_word' id='word_1_60' title='bbox 497 851 802 914; x_wconf 80' lang='lat' dir='ltr'>disputationis</span> <span class='ocrx_word' id='word_1_61' title='bbox 820 850 1013 895; x_wconf 89' lang='lat' dir='ltr'>attulerit</span> <span class='ocrx_word' id='word_1_62' title='bbox 1034 867 1044 894; x_wconf 91' lang='lat'>:</span> <span class='ocrx_word' id='word_1_63' title='bbox 1073 849 1188 894; x_wconf 89' lang='lat' dir='ltr'>unde</span> <span class='ocrx_word' id='word_1_64' title='bbox 1208 849 1257 893; x_wconf 87' lang='lat' dir='ltr'>fit</span> <span class='ocrx_word' id='word_1_65' title='bbox 1282 865 1434 894; x_wconf 87' lang='lat' dir='ltr'>conse—</span> 
     </span>
     <span class='ocr_line' id='line_1_10' title="bbox 57 920 1434 985; baseline -0.001 -18"><span class='ocrx_word' id='word_1_66' title='bbox 57 938 209 985; x_wconf 89' lang='lat' dir='ltr'>quens,</span> <span class='ocrx_word' id='word_1_67' title='bbox 231 933 277 968; x_wconf 92' lang='lat' dir='ltr'>ut</span> <span class='ocrx_word' id='word_1_68' title='bbox 292 923 488 985; x_wconf 89' lang='lat' dir='ltr'>quisquis</span> <span class='ocrx_word' id='word_1_69' title='bbox 508 923 703 984; x_wconf 90' lang='lat' dir='ltr'>sequitur</span> <span class='ocrx_word' id='word_1_70' title='bbox 723 921 837 967; x_wconf 88' lang='lat' dir='ltr'>illius</span> <span class='ocrx_word' id='word_1_71' title='bbox 854 920 1114 983; x_wconf 89' lang='lat' dir='ltr'>episcopalis</span> <span class='ocrx_word' id='word_1_72' title='bbox 1134 920 1434 966; x_wconf 85' lang='lat' dir='ltr'>auctoritatem</span> 
     </span>
     <span class='ocr_line' id='line_1_11' title="bbox 52 989 1435 1055; baseline -0.002 -19"><span class='ocrx_word' id='word_1_73' title='bbox 52 991 233 1050; x_wconf 80' lang='lat' dir='ltr'>judicii,</span> <span class='ocrx_word' id='word_1_74' title='bbox 276 1003 317 1037; x_wconf 87' lang='lat' dir='ltr'>et</span> <span class='ocrx_word' id='word_1_75' title='bbox 347 993 484 1055; x_wconf 89' lang='lat' dir='ltr'>ipsius</span> <span class='ocrx_word' id='word_1_76' title='bbox 517 992 680 1051; x_wconf 80' lang='lat' dir='ltr'>Pelagii</span> <span class='ocrx_word' id='word_1_77' title='bbox 702 990 1012 1037; x_wconf 85' lang='lat' dir='ltr'>confessionem</span> <span class='ocrx_word' id='word_1_78' title='bbox 1037 1027 1047 1044; x_wconf 85' lang='lat'>,</span> <span class='ocrx_word' id='word_1_79' title='bbox 1075 990 1174 1035; x_wconf 86' lang='lat' dir='ltr'>haec</span> <span class='ocrx_word' id='word_1_80' title='bbox 1194 1000 1334 1034; x_wconf 89' lang='lat' dir='ltr'>tenere</span> <span class='ocrx_word' id='word_1_81' title='bbox 1354 989 1435 1034; x_wconf 88' lang='lat' dir='ltr'>de-</span> 
     </span>
     <span class='ocr_line' id='line_1_12' title="bbox 58 1059 1434 1125; baseline -0.002 -19"><span class='ocrx_word' id='word_1_82' title='bbox 58 1061 181 1117; x_wconf 81' lang='lat' dir='ltr'>beat,</span> <span class='ocrx_word' id='word_1_83' title='bbox 203 1079 303 1125; x_wconf 82' lang='lat' dir='ltr'>quae</span> <span class='ocrx_word' id='word_1_84' title='bbox 323 1079 491 1125; x_wconf 83' lang='lat' dir='ltr'>semper</span> <span class='ocrx_word' id='word_1_85' title='bbox 518 1063 659 1107; x_wconf 87' lang='lat' dir='ltr'>tenuit</span> <span class='ocrx_word' id='word_1_86' title='bbox 683 1060 900 1107; x_wconf 88' lang='lat' dir='ltr'>catholica</span> <span class='ocrx_word' id='word_1_87' title='bbox 927 1060 1148 1109; x_wconf 75' lang='lat' dir='ltr'>Ecclesia;</span> <span class='ocrx_word' id='word_1_88' title='bbox 1176 1059 1336 1114; x_wconf 85' lang='lat' dir='ltr'>Adam,</span> <span class='ocrx_word' id='word_1_89' title='bbox 1352 1059 1434 1104; x_wconf 92' lang='lat' dir='ltr'>nisi</span> 
     </span>
     <span class='ocr_line' id='line_1_13' title="bbox 57 1129 1436 1193; baseline -0.002 -16"><span class='ocrx_word' id='word_1_90' title='bbox 57 1142 299 1193; x_wconf 82' lang='lat' dir='ltr'>peccasset,</span> <span class='ocrx_word' id='word_1_91' title='bbox 331 1149 418 1177; x_wconf 92' lang='lat' dir='ltr'>non</span> <span class='ocrx_word' id='word_1_92' title='bbox 453 1131 583 1176; x_wconf 86' lang='lat' dir='ltr'>fuisse</span> <span class='ocrx_word' id='word_1_93' title='bbox 618 1131 895 1177; x_wconf 89' lang='lat' dir='ltr'>moriturum.</span> <span class='ocrx_word' id='word_1_94' title='bbox 927 1129 1062 1186; x_wconf 87' lang='lat' dir='ltr'>Quod</span> <span class='ocrx_word' id='word_1_95' title='bbox 1087 1140 1315 1192; x_wconf 88' lang='lat' dir='ltr'>peccatum</span> <span class='ocrx_word' id='word_1_96' title='bbox 1345 1133 1436 1189; x_wconf 88' lang='lat' dir='ltr'>ejus</span> 
     </span>
     <span class='ocr_line' id='line_1_14' title="bbox 58 1200 1437 1264; baseline -0.001 -18"><span class='ocrx_word' id='word_1_97' title='bbox 58 1218 146 1247; x_wconf 91' lang='lat' dir='ltr'>non</span> <span class='ocrx_word' id='word_1_98' title='bbox 177 1201 322 1264; x_wconf 91' lang='lat' dir='ltr'>ipsum</span> <span class='ocrx_word' id='word_1_99' title='bbox 358 1202 497 1247; x_wconf 91' lang='lat' dir='ltr'>solum</span> <span class='ocrx_word' id='word_1_100' title='bbox 535 1201 721 1257; x_wconf 81' lang='lat' dir='ltr'>laeserit,</span> <span class='ocrx_word' id='word_1_101' title='bbox 760 1200 832 1245; x_wconf 88' lang='lat' dir='ltr'>sed</span> <span class='ocrx_word' id='word_1_102' title='bbox 858 1210 899 1245; x_wconf 91' lang='lat' dir='ltr'>et</span> <span class='ocrx_word' id='word_1_103' title='bbox 924 1217 1057 1260; x_wconf 91' lang='lat' dir='ltr'>genus</span> <span class='ocrx_word' id='word_1_104' title='bbox 1090 1200 1347 1246; x_wconf 87' lang='lat' dir='ltr'>humanum.</span> <span class='ocrx_word' id='word_1_105' title='bbox 1383 1204 1437 1245; x_wconf 82' lang='lat' dir='ltr'>Et</span> 
     </span>
     <span class='ocr_line' id='line_1_15' title="bbox 57 1269 1437 1335; baseline -0.003 -18"><span class='ocrx_word' id='word_1_106' title='bbox 57 1271 180 1334; x_wconf 92' lang='lat' dir='ltr'>quod</span> <span class='ocrx_word' id='word_1_107' title='bbox 214 1272 398 1317; x_wconf 83' lang='lat' dir='ltr'>infantes</span> <span class='ocrx_word' id='word_1_108' title='bbox 431 1288 572 1335; x_wconf 87' lang='lat' dir='ltr'>nuper</span> <span class='ocrx_word' id='word_1_109' title='bbox 602 1273 691 1317; x_wconf 89' lang='lat' dir='ltr'>nati</span> <span class='ocrx_word' id='word_1_110' title='bbox 719 1288 805 1317; x_wconf 91' lang='lat' dir='ltr'>non</span> <span class='ocrx_word' id='word_1_111' title='bbox 840 1272 925 1316; x_wconf 88' lang='lat' dir='ltr'>sint</span> <span class='ocrx_word' id='word_1_112' title='bbox 957 1270 1001 1315; x_wconf 90' lang='lat' dir='ltr'>in</span> <span class='ocrx_word' id='word_1_113' title='bbox 1026 1269 1100 1315; x_wconf 92' lang='lat' dir='ltr'>illo</span> <span class='ocrx_word' id='word_1_114' title='bbox 1119 1280 1232 1314; x_wconf 86' lang='lat' dir='ltr'>statu</span> <span class='ocrx_word' id='word_1_115' title='bbox 1254 1306 1264 1324; x_wconf 87' lang='lat'>‚</span> <span class='ocrx_word' id='word_1_116' title='bbox 1287 1270 1332 1314; x_wconf 89' lang='lat' dir='ltr'>in</span> <span class='ocrx_word' id='word_1_117' title='bbox 1348 1286 1437 1332; x_wconf 89' lang='lat' dir='ltr'>quo</span> 
     </span>
     <span class='ocr_line' id='line_1_16' title="bbox 61 1339 1439 1404; baseline -0.003 -16"><span class='ocrx_word' id='word_1_118' title='bbox 61 1341 201 1387; x_wconf 89' lang='lat' dir='ltr'>Adam</span> <span class='ocrx_word' id='word_1_119' title='bbox 225 1341 309 1388; x_wconf 87' lang='lat' dir='ltr'>fuit</span> <span class='ocrx_word' id='word_1_120' title='bbox 335 1352 434 1388; x_wconf 88' lang='lat' dir='ltr'>ante</span> <span class='ocrx_word' id='word_1_121' title='bbox 462 1342 868 1404; x_wconf 71' lang='lat' dir='ltr'>praevaricationem</span> <span class='ocrx_word' id='word_1_122' title='bbox 889 1378 900 1397; x_wconf 92' lang='lat'><strong><em>‚</em></strong></span> <span class='ocrx_word' id='word_1_123' title='bbox 929 1350 978 1386; x_wconf 89' lang='lat' dir='ltr'>ut</span> <span class='ocrx_word' id='word_1_124' title='bbox 1003 1339 1055 1384; x_wconf 90' lang='lat' dir='ltr'>ad</span> <span class='ocrx_word' id='word_1_125' title='bbox 1086 1340 1202 1402; x_wconf 89' lang='lat' dir='ltr'>ipsos</span> <span class='ocrx_word' id='word_1_126' title='bbox 1224 1340 1439 1402; x_wconf 85' lang='lat' dir='ltr'>pertineat</span> 
     </span>
     <span class='ocr_line' id='line_1_17' title="bbox 59 1409 1436 1476; baseline -0.003 -19"><span class='ocrx_word' id='word_1_127' title='bbox 59 1412 187 1457; x_wconf 82' lang='lat' dir='ltr'>etiam</span> <span class='ocrx_word' id='word_1_128' title='bbox 202 1412 324 1476; x_wconf 90' lang='lat' dir='ltr'>quod</span> <span class='ocrx_word' id='word_1_129' title='bbox 341 1412 532 1458; x_wconf 89' lang='lat' dir='ltr'>breviter</span> <span class='ocrx_word' id='word_1_130' title='bbox 555 1413 613 1458; x_wconf 84' lang='lat' dir='ltr'>ait</span> <span class='ocrx_word' id='word_1_131' title='bbox 637 1411 892 1475; x_wconf 85' lang='lat' dir='ltr'>Apostolus,</span> <span class='ocrx_word' id='word_1_132' title='bbox 913 1411 1028 1455; x_wconf 85' lang='lat' dir='ltr'>«Per</span> <span class='ocrx_word' id='word_1_133' title='bbox 1052 1426 1185 1455; x_wconf 88' lang='lat' dir='ltr'>unum</span> <span class='ocrx_word' id='word_1_134' title='bbox 1213 1409 1436 1454; x_wconf 89' lang='lat' dir='ltr'>hominem</span> 
     </span>
     <span class='ocr_line' id='line_1_18' title="bbox 60 1481 1431 1547; baseline 0.001 -22"><span class='ocrx_word' id='word_1_135' title='bbox 60 1505 81 1525; x_wconf 85' lang='lat'>»</span> <span class='ocrx_word' id='word_1_136' title='bbox 104 1500 220 1529; x_wconf 91' lang='lat' dir='ltr'>mors</span> <span class='ocrx_word' id='word_1_137' title='bbox 237 1521 247 1539; x_wconf 88' lang='lat'>,</span> <span class='ocrx_word' id='word_1_138' title='bbox 274 1494 315 1529; x_wconf 91' lang='lat' dir='ltr'>et</span> <span class='ocrx_word' id='word_1_139' title='bbox 346 1500 422 1547; x_wconf 91' lang='lat' dir='ltr'>per</span> <span class='ocrx_word' id='word_1_140' title='bbox 443 1499 580 1528; x_wconf 91' lang='lat' dir='ltr'>unum</span> <span class='ocrx_word' id='word_1_141' title='bbox 612 1483 836 1528; x_wconf 88' lang='lat' dir='ltr'>hominem</span> <span class='ocrx_word' id='word_1_142' title='bbox 861 1481 1118 1527; x_wconf 86' lang='lat' dir='ltr'>resurrectio</span> <span class='ocrx_word' id='word_1_143' title='bbox 1142 1490 1431 1527; x_wconf 86' lang='lat' dir='ltr'>mortuorum.</span> 
     </span>
     <span class='ocr_line' id='line_1_19' title="bbox 61 1549 1438 1605; baseline -0.003 -7"><span class='ocrx_word' id='word_1_144' title='bbox 61 1574 81 1595; x_wconf 86' lang='lat'>›&gt;</span> <span class='ocrx_word' id='word_1_145' title='bbox 100 1552 224 1598; x_wconf 86' lang='lat' dir='ltr'>Sicut</span> <span class='ocrx_word' id='word_1_146' title='bbox 246 1553 359 1598; x_wconf 85' lang='lat' dir='ltr'>enim</span> <span class='ocrx_word' id='word_1_147' title='bbox 379 1553 424 1598; x_wconf 91' lang='lat' dir='ltr'>in</span> <span class='ocrx_word' id='word_1_148' title='bbox 444 1552 585 1598; x_wconf 86' lang='lat' dir='ltr'>Adam</span> <span class='ocrx_word' id='word_1_149' title='bbox 608 1569 757 1597; x_wconf 89' lang='lat' dir='ltr'>omnes</span> <span class='ocrx_word' id='word_1_150' title='bbox 773 1552 1041 1605; x_wconf 81' lang='lat' dir='ltr'>moriuntur,</span> <span class='ocrx_word' id='word_1_151' title='bbox 1066 1550 1125 1594; x_wconf 85' lang='lat' dir='ltr'>ita</span> <span class='ocrx_word' id='word_1_152' title='bbox 1142 1560 1183 1594; x_wconf 85' lang='lat' dir='ltr'>et</span> <span class='ocrx_word' id='word_1_153' title='bbox 1200 1550 1244 1594; x_wconf 91' lang='lat' dir='ltr'>in</span> <span class='ocrx_word' id='word_1_154' title='bbox 1261 1549 1438 1595; x_wconf 87' lang='lat' dir='ltr'>Christo</span> 
     </span>
     <span class='ocr_line' id='line_1_20' title="bbox 61 1619 1437 1682; baseline -0.004 -14"><span class='ocrx_word' id='word_1_155' title='bbox 61 1644 82 1664; x_wconf 87' lang='lat'>»</span> <span class='ocrx_word' id='word_1_156' title='bbox 106 1639 253 1668; x_wconf 88' lang='lat' dir='ltr'>omnes</span> <span class='ocrx_word' id='word_1_157' title='bbox 270 1621 663 1668; x_wconf 72' lang='lat' dir='ltr'>vivificabuntur1.</span> <span class='ocrx_word' id='word_1_158' title='bbox 688 1643 708 1663; x_wconf 74' lang='lat'>&gt;2</span> <span class='ocrx_word' id='word_1_159' title='bbox 728 1620 852 1666; x_wconf 88' lang='lat' dir='ltr'>Unde</span> <span class='ocrx_word' id='word_1_160' title='bbox 874 1621 924 1665; x_wconf 90' lang='lat' dir='ltr'>fit</span> <span class='ocrx_word' id='word_1_161' title='bbox 942 1630 991 1666; x_wconf 88' lang='lat' dir='ltr'>ut</span> <span class='ocrx_word' id='word_1_162' title='bbox 1008 1619 1196 1665; x_wconf 85' lang='lat' dir='ltr'>infantes</span> <span class='ocrx_word' id='word_1_163' title='bbox 1218 1636 1306 1664; x_wconf 89' lang='lat' dir='ltr'>non</span> <span class='ocrx_word' id='word_1_164' title='bbox 1327 1619 1437 1682; x_wconf 89' lang='lat' dir='ltr'>bap-</span> 
     </span>
     <span class='ocr_line' id='line_1_21' title="bbox 62 1690 1437 1753; baseline -0.004 -14"><span class='ocrx_word' id='word_1_165' title='bbox 62 1694 205 1749; x_wconf 88' lang='lat' dir='ltr'>tizati,</span> <span class='ocrx_word' id='word_1_166' title='bbox 237 1710 326 1739; x_wconf 88' lang='lat' dir='ltr'>non</span> <span class='ocrx_word' id='word_1_167' title='bbox 351 1693 491 1739; x_wconf 90' lang='lat' dir='ltr'>solum</span> <span class='ocrx_word' id='word_1_168' title='bbox 516 1710 697 1753; x_wconf 89' lang='lat' dir='ltr'>regnum</span> <span class='ocrx_word' id='word_1_169' title='bbox 729 1691 974 1746; x_wconf 85' lang='lat' dir='ltr'>coelorum,</span> <span class='ocrx_word' id='word_1_170' title='bbox 996 1690 1278 1735; x_wconf 83' lang='lat' dir='ltr'>verumetiam</span> <span class='ocrx_word' id='word_1_171' title='bbox 1303 1690 1437 1735; x_wconf 83' lang='lat' dir='ltr'>vitam</span> 
     </span>
     <span class='ocr_line' id='line_1_22' title="bbox 61 1759 1439 1826; baseline -0.004 -17"><span class='ocrx_word' id='word_1_172' title='bbox 61 1775 267 1810; x_wconf 85' lang='lat' dir='ltr'>aeternam</span> <span class='ocrx_word' id='word_1_173' title='bbox 303 1763 467 1809; x_wconf 89' lang='lat' dir='ltr'>habere</span> <span class='ocrx_word' id='word_1_174' title='bbox 495 1780 581 1808; x_wconf 90' lang='lat' dir='ltr'>non</span> <span class='ocrx_word' id='word_1_175' title='bbox 605 1763 787 1826; x_wconf 84' lang='lat' dir='ltr'>possint.</span> <span class='ocrx_word' id='word_1_176' title='bbox 818 1761 1093 1806; x_wconf 89' lang='lat' dir='ltr'>Confiteatur</span> <span class='ocrx_word' id='word_1_177' title='bbox 1122 1760 1250 1805; x_wconf 88' lang='lat' dir='ltr'>etiam</span> <span class='ocrx_word' id='word_1_178' title='bbox 1285 1759 1439 1805; x_wconf 84' lang='lat' dir='ltr'>divites</span> 
     </span>
     <span class='ocr_line' id='line_1_23' title="bbox 61 1830 1440 1898; baseline -0.004 -18"><span class='ocrx_word' id='word_1_179' title='bbox 61 1834 331 1898; x_wconf 83' lang='lat' dir='ltr'>baptizatOS‚</span> <span class='ocrx_word' id='word_1_180' title='bbox 354 1833 518 1879; x_wconf 89' lang='lat' dir='ltr'>etiamsi</span> <span class='ocrx_word' id='word_1_181' title='bbox 543 1832 707 1878; x_wconf 88' lang='lat' dir='ltr'>divitiis</span> <span class='ocrx_word' id='word_1_182' title='bbox 725 1832 810 1878; x_wconf 89' lang='lat' dir='ltr'>suis</span> <span class='ocrx_word' id='word_1_183' title='bbox 833 1848 922 1876; x_wconf 92' lang='lat' dir='ltr'>non</span> <span class='ocrx_word' id='word_1_184' title='bbox 941 1841 1143 1885; x_wconf 85' lang='lat' dir='ltr'>careant,</span> <span class='ocrx_word' id='word_1_185' title='bbox 1175 1841 1217 1875; x_wconf 88' lang='lat' dir='ltr'>et</span> <span class='ocrx_word' id='word_1_186' title='bbox 1233 1830 1318 1875; x_wconf 86' lang='lat' dir='ltr'>sint</span> <span class='ocrx_word' id='word_1_187' title='bbox 1339 1830 1440 1875; x_wconf 90' lang='lat' dir='ltr'>tales</span> 
     </span>
     <span class='ocr_line' id='line_1_24' title="bbox 62 1901 1443 1968; baseline -0.004 -17"><span class='ocrx_word' id='word_1_188' title='bbox 62 1905 209 1968; x_wconf 87' lang='lat' dir='ltr'>quales</span> <span class='ocrx_word' id='word_1_189' title='bbox 234 1904 289 1950; x_wconf 89' lang='lat' dir='ltr'>ad</span> <span class='ocrx_word' id='word_1_190' title='bbox 315 1904 600 1949; x_wconf 85' lang='lat' dir='ltr'>Timotheum</span> <span class='ocrx_word' id='word_1_191' title='bbox 625 1903 835 1949; x_wconf 87' lang='lat' dir='ltr'>describit</span> <span class='ocrx_word' id='word_1_192' title='bbox 856 1901 1092 1965; x_wconf 82' lang='lat' dir='ltr'>Apostolus</span> <span class='ocrx_word' id='word_1_193' title='bbox 1110 1901 1274 1955; x_wconf 85' lang='lat' dir='ltr'>dicens,</span> <span class='ocrx_word' id='word_1_194' title='bbox 1292 1921 1306 1942; x_wconf 63' lang='grc' dir='ltr'>(ο</span> <span class='ocrx_word' id='word_1_195' title='bbox 1330 1902 1443 1945; x_wconf 72' lang='lat' dir='ltr'>Prae-</span> 
     </span>
     <span class='ocr_line' id='line_1_25' title="bbox 64 1972 1441 2039; baseline -0.004 -18"><span class='ocrx_word' id='word_1_196' title='bbox 64 1998 84 2017; x_wconf 73' lang='lat'>&gt;2</span> <span class='ocrx_word' id='word_1_197' title='bbox 107 1976 205 2039; x_wconf 91' lang='lat' dir='ltr'>cipe</span> <span class='ocrx_word' id='word_1_198' title='bbox 220 1974 432 2021; x_wconf 83' lang='lat' dir='ltr'>divitibus</span> <span class='ocrx_word' id='word_1_199' title='bbox 456 1974 589 2034; x_wconf 88' lang='lat' dir='ltr'>hujus</span> <span class='ocrx_word' id='word_1_200' title='bbox 611 1973 765 2020; x_wconf 90' lang='lat' dir='ltr'>mundi</span> <span class='ocrx_word' id='word_1_201' title='bbox 789 1989 878 2018; x_wconf 89' lang='lat' dir='ltr'>non</span> <span class='ocrx_word' id='word_1_202' title='bbox 898 1972 1089 2035; x_wconf 88' lang='lat' dir='ltr'>superbe</span> <span class='ocrx_word' id='word_1_203' title='bbox 1114 1988 1279 2033; x_wconf 84' lang='lat' dir='ltr'>sapere,</span> <span class='ocrx_word' id='word_1_204' title='bbox 1303 1988 1441 2034; x_wconf 88' lang='lat' dir='ltr'>neque</span> 
     </span>
     <span class='ocr_line' id='line_1_26' title="bbox 64 2041 1441 2110; baseline -0.002 -22"><span class='ocrx_word' id='word_1_205' title='bbox 64 2068 85 2088; x_wconf 74' lang='lat' dir='ltr'>n</span> <span class='ocrx_word' id='word_1_206' title='bbox 106 2062 278 2110; x_wconf 85' lang='lat' dir='ltr'>sperare</span> <span class='ocrx_word' id='word_1_207' title='bbox 302 2045 346 2090; x_wconf 90' lang='lat' dir='ltr'>in</span> <span class='ocrx_word' id='word_1_208' title='bbox 381 2045 546 2090; x_wconf 84' lang='lat' dir='ltr'>incerto</span> <span class='ocrx_word' id='word_1_209' title='bbox 583 2044 836 2090; x_wconf 82' lang='lat' dir='ltr'>divitiarum</span> <span class='ocrx_word' id='word_1_210' title='bbox 854 2080 864 2095; x_wconf 87' lang='lat'>‚</span> <span class='ocrx_word' id='word_1_211' title='bbox 903 2041 976 2087; x_wconf 90' lang='lat' dir='ltr'>sed</span> <span class='ocrx_word' id='word_1_212' title='bbox 1013 2042 1058 2087; x_wconf 93' lang='lat' dir='ltr'>in</span> <span class='ocrx_word' id='word_1_213' title='bbox 1088 2043 1178 2086; x_wconf 89' lang='lat' dir='ltr'>Deo</span> <span class='ocrx_word' id='word_1_214' title='bbox 1208 2041 1306 2086; x_wconf 82' lang='lat' dir='ltr'>vivo</span> <span class='ocrx_word' id='word_1_215' title='bbox 1326 2078 1336 2096; x_wconf 88' lang='lat'>‚</span> <span class='ocrx_word' id='word_1_216' title='bbox 1366 2041 1441 2104; x_wconf 84' lang='lat' dir='ltr'>qui</span> 
     </span>
     <span class='ocr_line' id='line_1_27' title="bbox 65 2111 1444 2180; baseline -0.002 -22"><span class='ocrx_word' id='word_1_217' title='bbox 65 2139 85 2158; x_wconf 66' lang='lat'>&gt;2</span> <span class='ocrx_word' id='word_1_218' title='bbox 110 2126 290 2180; x_wconf 85' lang='lat' dir='ltr'>praestat</span> <span class='ocrx_word' id='word_1_219' title='bbox 320 2115 464 2160; x_wconf 87' lang='lat' dir='ltr'>onmia</span> <span class='ocrx_word' id='word_1_220' title='bbox 498 2114 775 2160; x_wconf 88' lang='lat' dir='ltr'>abundanter</span> <span class='ocrx_word' id='word_1_221' title='bbox 799 2113 851 2159; x_wconf 88' lang='lat' dir='ltr'>ad</span> <span class='ocrx_word' id='word_1_222' title='bbox 876 2111 1110 2158; x_wconf 91' lang='lat' dir='ltr'>fruendum</span> <span class='ocrx_word' id='word_1_223' title='bbox 1131 2131 1142 2164; x_wconf 75' lang='lat'><em>3</em></span> <span class='ocrx_word' id='word_1_224' title='bbox 1180 2111 1334 2156; x_wconf 79' lang='lat' dir='ltr'>divites</span> <span class='ocrx_word' id='word_1_225' title='bbox 1360 2112 1444 2156; x_wconf 83' lang='lat' dir='ltr'>sint</span> 
     </span>
     <span class='ocr_line' id='line_1_28' title="bbox 66 2181 1442 2249; baseline -0.002 -20"><span class='ocrx_word' id='word_1_226' title='bbox 66 2209 86 2229; x_wconf 65' lang='lat'>&gt;³</span> <span class='ocrx_word' id='word_1_227' title='bbox 103 2187 149 2233; x_wconf 90' lang='lat' dir='ltr'>in</span> <span class='ocrx_word' id='word_1_228' title='bbox 169 2185 376 2249; x_wconf 89' lang='lat' dir='ltr'>operibus</span> <span class='ocrx_word' id='word_1_229' title='bbox 398 2185 525 2230; x_wconf 87' lang='lat' dir='ltr'>bonis</span> <span class='ocrx_word' id='word_1_230' title='bbox 542 2222 554 2240; x_wconf 89' lang='lat'>,</span> <span class='ocrx_word' id='word_1_231' title='bbox 578 2185 702 2230; x_wconf 86' lang='lat' dir='ltr'>facile</span> <span class='ocrx_word' id='word_1_232' title='bbox 726 2185 942 2238; x_wconf 84' lang='lat' dir='ltr'>tribuant,</span> <span class='ocrx_word' id='word_1_233' title='bbox 974 2181 1326 2236; x_wconf 87' lang='lat' dir='ltr'>communicent,</span> <span class='ocrx_word' id='word_1_234' title='bbox 1349 2182 1442 2227; x_wconf 88' lang='lat' dir='ltr'>the-</span> 
     </span>
     <span class='ocr_line' id='line_1_29' title="bbox 66 2252 1443 2314; baseline -0.004 -14"><span class='ocrx_word' id='word_1_235' title='bbox 66 2280 87 2300; x_wconf 80' lang='lat'>»</span> <span class='ocrx_word' id='word_1_236' title='bbox 103 2257 318 2302; x_wconf 83' lang='lat' dir='ltr'>saurizent</span> <span class='ocrx_word' id='word_1_237' title='bbox 339 2255 421 2300; x_wconf 89' lang='lat' dir='ltr'>sibi</span> <span class='ocrx_word' id='word_1_238' title='bbox 440 2253 774 2301; x_wconf 88' lang='lat' dir='ltr'>fundamentum</span> <span class='ocrx_word' id='word_1_239' title='bbox 793 2254 961 2298; x_wconf 91' lang='lat' dir='ltr'>bonum</span> <span class='ocrx_word' id='word_1_240' title='bbox 982 2252 1026 2297; x_wconf 92' lang='lat' dir='ltr'>in</span> <span class='ocrx_word' id='word_1_241' title='bbox 1045 2252 1243 2297; x_wconf 76' lang='lat' dir='ltr'>futurum</span> <span class='ocrx_word' id='word_1_242' title='bbox 1260 2289 1269 2300; x_wconf 84' lang='grc'>,</span> <span class='ocrx_word' id='word_1_243' title='bbox 1301 2263 1347 2296; x_wconf 92' lang='lat' dir='ltr'>ut</span> <span class='ocrx_word' id='word_1_244' title='bbox 1368 2269 1443 2314; x_wconf 90' lang='lat' dir='ltr'>ap-</span> 
     </span>
     <span class='ocr_line' id='line_1_30' title="bbox 67 2323 1444 2393; baseline -0.003 -20"><span class='ocrx_word' id='word_1_245' title='bbox 67 2352 87 2373; x_wconf 84' lang='lat'>»</span> <span class='ocrx_word' id='word_1_246' title='bbox 105 2328 382 2393; x_wconf 85' lang='lat' dir='ltr'>prehendant</span> <span class='ocrx_word' id='word_1_247' title='bbox 405 2344 550 2372; x_wconf 84' lang='lat' dir='ltr'>veram</span> <span class='ocrx_word' id='word_1_248' title='bbox 584 2328 715 2372; x_wconf 88' lang='lat' dir='ltr'>vitam</span> <span class='ocrx_word' id='word_1_249' title='bbox 732 2326 775 2381; x_wconf 68' lang='lat'>1,</span> <span class='ocrx_word' id='word_1_250' title='bbox 800 2342 926 2370; x_wconf 84' lang='lat' dir='ltr'>»non</span> <span class='ocrx_word' id='word_1_251' title='bbox 952 2341 1021 2369; x_wconf 88' lang='lat' dir='ltr'>eos</span> <span class='ocrx_word' id='word_1_252' title='bbox 1054 2340 1186 2383; x_wconf 89' lang='lat' dir='ltr'>regno</span> <span class='ocrx_word' id='word_1_253' title='bbox 1213 2323 1289 2368; x_wconf 92' lang='lat' dir='ltr'>Dei</span> <span class='ocrx_word' id='word_1_254' title='bbox 1319 2341 1444 2386; x_wconf 90' lang='lat' dir='ltr'>posse</span> 
     </span>
     <span class='ocr_line' id='line_1_31' title="bbox 66 2393 1442 2464; baseline -0.004 -19"><span class='ocrx_word' id='word_1_255' title='bbox 66 2399 246 2464; x_wconf 85' lang='lat' dir='ltr'>privari.</span> <span class='ocrx_word' id='word_1_256' title='bbox 294 2398 494 2443; x_wconf 81' lang='lat' dir='ltr'>Fateatur</span> <span class='ocrx_word' id='word_1_257' title='bbox 530 2397 713 2457; x_wconf 85' lang='lat' dir='ltr'>gratiam</span> <span class='ocrx_word' id='word_1_258' title='bbox 740 2396 819 2441; x_wconf 89' lang='lat' dir='ltr'>Dei</span> <span class='ocrx_word' id='word_1_259' title='bbox 844 2405 886 2440; x_wconf 91' lang='lat' dir='ltr'>et</span> <span class='ocrx_word' id='word_1_260' title='bbox 911 2393 1178 2452; x_wconf 87' lang='lat' dir='ltr'>adjutorium</span> <span class='ocrx_word' id='word_1_261' title='bbox 1220 2393 1351 2438; x_wconf 87' lang='lat' dir='ltr'>etiam</span> <span class='ocrx_word' id='word_1_262' title='bbox 1389 2394 1442 2440; x_wconf 88' lang='lat' dir='ltr'>ad</span> 
     </span>
     <span class='ocr_line' id='line_1_32' title="bbox 67 2463 1446 2530; baseline -0.003 -16"><span class='ocrx_word' id='word_1_263' title='bbox 67 2468 258 2529; x_wconf 90' lang='lat' dir='ltr'>singulos</span> <span class='ocrx_word' id='word_1_264' title='bbox 283 2478 402 2513; x_wconf 84' lang='lat' dir='ltr'>aetus</span> <span class='ocrx_word' id='word_1_265' title='bbox 426 2466 548 2523; x_wconf 87' lang='lat' dir='ltr'>dari;</span> <span class='ocrx_word' id='word_1_266' title='bbox 585 2483 767 2530; x_wconf 87' lang='lat' dir='ltr'>eamque</span> <span class='ocrx_word' id='word_1_267' title='bbox 790 2482 877 2511; x_wconf 88' lang='lat' dir='ltr'>non</span> <span class='ocrx_word' id='word_1_268' title='bbox 906 2464 1001 2510; x_wconf 82' lang='lat' dir='ltr'>dari</span> <span class='ocrx_word' id='word_1_269' title='bbox 1027 2463 1264 2509; x_wconf 87' lang='lat' dir='ltr'>secundum</span> <span class='ocrx_word' id='word_1_270' title='bbox 1295 2466 1446 2510; x_wconf 83' lang='lat' dir='ltr'>merita</span> 
     </span>
     <span class='ocr_line' id='line_1_33' title="bbox 69 2534 1446 2598; baseline -0.005 -13"><span class='ocrx_word' id='word_1_271' title='bbox 69 2550 234 2596; x_wconf 84' lang='lat' dir='ltr'>nostra,</span> <span class='ocrx_word' id='word_1_272' title='bbox 251 2550 300 2584; x_wconf 89' lang='lat' dir='ltr'>ut</span> <span class='ocrx_word' id='word_1_273' title='bbox 314 2555 411 2584; x_wconf 84' lang='lat' dir='ltr'>vera</span> <span class='ocrx_word' id='word_1_274' title='bbox 427 2537 480 2583; x_wconf 86' lang='lat' dir='ltr'>sit</span> <span class='ocrx_word' id='word_1_275' title='bbox 499 2537 712 2598; x_wconf 84' lang='lat' dir='ltr'>gratia‚id</span> <span class='ocrx_word' id='word_1_276' title='bbox 724 2547 802 2593; x_wconf 85' lang='lat' dir='ltr'>est,</span> <span class='ocrx_word' id='word_1_277' title='bbox 821 2534 951 2596; x_wconf 85' lang='lat' dir='ltr'>gratis</span> <span class='ocrx_word' id='word_1_278' title='bbox 973 2534 1073 2580; x_wconf 87' lang='lat' dir='ltr'>data</span> <span class='ocrx_word' id='word_1_279' title='bbox 1088 2551 1164 2597; x_wconf 90' lang='lat' dir='ltr'>per</span> <span class='ocrx_word' id='word_1_280' title='bbox 1176 2537 1267 2592; x_wconf 86' lang='lat' dir='ltr'>ejus</span> <span class='ocrx_word' id='word_1_281' title='bbox 1281 2535 1446 2579; x_wconf 74' lang='lat' dir='ltr'>miseri-</span> 
     </span>
    </p>
   </div>
   <div class='ocr_carea' id='block_1_3' title="bbox 120 2619 795 2658">
    <p class='ocr_par' dir='ltr' id='par_1_4' title="bbox 120 2619 795 2658">
     <span class='ocr_line' id='line_1_34' title="bbox 120 2619 795 2658; baseline -0.007 -5"><span class='ocrx_word' id='word_1_282' title='bbox 120 2622 128 2643; x_wconf 87' lang='lat'>¹</span> <span class='ocrx_word' id='word_1_283' title='bbox 156 2635 166 2653; x_wconf 75' lang='grc' dir='ltr'>ι</span> <span class='ocrx_word' id='word_1_284' title='bbox 187 2625 261 2653; x_wconf 68' lang='lat' dir='ltr'>(Yor.</span> <span class='ocrx_word' id='word_1_285' title='bbox 289 2632 338 2658; x_wconf 69' lang='lat' dir='ltr'>xv,</span> <span class='ocrx_word' id='word_1_286' title='bbox 359 2632 415 2651; x_wconf 79' lang='lat'>21.</span> <span class='ocrx_word' id='word_1_287' title='bbox 441 2639 484 2644; x_wconf 89' lang='lat'><em>-</em></span> <span class='ocrx_word' id='word_1_288' title='bbox 502 2619 517 2641; x_wconf 78' lang='lat'><strong>²</strong></span> <span class='ocrx_word' id='word_1_289' title='bbox 541 2631 552 2650; x_wconf 92' lang='lat'>1</span> <span class='ocrx_word' id='word_1_290' title='bbox 574 2621 657 2650; x_wconf 87' lang='lat' dir='ltr'>Tim.</span> <span class='ocrx_word' id='word_1_291' title='bbox 677 2630 721 2654; x_wconf 72' lang='lat' dir='ltr'>vi,</span> <span class='ocrx_word' id='word_1_292' title='bbox 745 2630 795 2656; x_wconf 87' lang='lat'>17.</span> 
     </span>
    </p>
   </div>
  </div>
 </body>
</html>
