1799 3251
329 237 415 300 198
744 256 777 285 s.
821 254 1065 287 anensium
1099 255 1301 309 nriscopr

321 318 546 381 suspiciosi
570 335 668 364 cum
685 321 837 366 merito
861 321 1112 384 culpentur,
1141 321 1270 368 etiam
1289 321 1460 369 laudari
1481 323 1692 370 arbitren-

318 400 391 435 tur
413 407 454 434 se
477 389 650 444 debere,
678 390 799 453 quod
817 392 933 436 cauti
956 391 1052 437 sint.
1086 391 1239 437 Causae
1257 392 1457 449 stabant,
1496 394 1550 439 ab
1571 394 1686 439 111101

318 476 468 505 eornm
483 496 492 514 ,
515 476 624 521 quos
651 460 778 504 teneri
798 460 868 505 ille
889 471 1061 523 repente
1077 472 1347 524 praeceperat
1366 499 1376 517 ,
1398 463 1695 522 gravissimam

324 541 365 575 te
398 546 570 592 pass=tm
596 529 722 574 luisse
758 530 963 588 injuriam
995 547 1265 577 noveramus.
1315 532 1486 577 Frater?
1521 548 1697 597 quoque

323 604 414 659 ejus
433 636 443 655 ,
479 599 523 644 111
548 616 636 662 quo
664 599 896 645 Ecclesiam
937 603 1120 646 maxime
1155 611 1403 662 persecutus
1436 613 1525 658 est,
1554 604 1697 648 nescio

321 670 429 733 quid
454 669 618 715 duriter
643 669 764 731 quasi
798 670 1019 732 proferens
1049 671 1130 715 tibi
1153 670 1423 732 respondisse
1447 671 1690 718 dicebatur.

321 740 601 787 Putabantur
626 740 849 786 tibiambo
870 757 956 785 esse
980 741 1184 803 suspecti.
1212 741 1426 787 Postulati
1445 759 1546 788 cum
1567 742 1695 788 abiis-

325 821 444 867 sent,
466 822 508 856 te
524 811 616 856 illic
641 820 885 856 remanente
909 847 918 862 ,
951 820 992 855 et
1015 827 1117 856 cum
1138 810 1212 856 illo
1247 813 1450 857 secretius
1470 848 1482 868 ,
1513 821 1562 857 ut
1589 812 1702 858 fere-

323 883 456 928 batur
480 918 491 937 ,
527 882 730 944 loquente
753 917 763 936 ,
802 881 946 926 subito
971 881 1079 940 jussi
1103 891 1202 926 sunt
1228 880 1424 928 detineri.
1452 882 1703 928 Amicitiam

327 962 511 999 vestram
537 968 625 996 non
642 961 854 996 recentem
876 988 885 1006 ,
910 951 983 996 sed
1006 961 1211 1007 veterem,
1239 951 1437 997 homines
1463 951 1701 1016 loqueban-

326 1034 410 1068 tur.
428 1025 607 1066 Famam
625 1021 913 1066 confirmabat
931 1032 1054 1067 tanta
1069 1025 1165 1080 conj
1175 1022 1341 1077 unctio,
1364 1033 1406 1067 et
1424 1032 1512 1067 tam
1532 1022 1706 1068 assidua

330 1092 462 1137 solius
485 1108 586 1136 cum
609 1091 698 1136 solo
724 1091 1041 1137 sermocinatio.
1071 1092 1266 1137 Potestas
1286 1092 1402 1137 illius
1424 1107 1581 1152 magna
1601 1102 1708 1137 tunc

332 1171 436 1208 erat.
469 1160 713 1206 Calumniae
737 1159 922 1205 facilitas
948 1160 1163 1207 radiabat.
1195 1161 1295 1206 Non
1323 1171 1413 1206 erat
1436 1161 1600 1221 grande
1628 1177 1709 1207 ne-

332 1232 497 1292 gotium
517 1231 744 1294 procurari
764 1231 982 1294 aliquem,
1010 1231 1086 1293 qui
1113 1231 1275 1276 diceret
1299 1231 1418 1295 quod
1441 1231 1576 1277 salute
1600 1242 1709 1295 pro-

330 1304 459 1349 missa
491 1301 727 1347 dicendum
754 1302 824 1347 ille
850 1301 1107 1348 mandasset.
1149 1302 1347 1348 Omnia
1335 1319 1381 1348 ln
1406 1312 1604 1365 tempore
1631 1301 1713 1347 isto

333 1373 683 1432 suffragabantur
702 1408 712 1428 ,
750 1383 798 1417 ut
829 1372 957 1417 etiam
986 1388 1073 1418 uno
1099 1382 1231 1427 teste,
1260 1382 1469 1436 tanquam
1499 1371 1714 1418 invidioso

331 1455 374 1490 et
391 1443 590 1489 credibili
614 1443 794 1488 crimine
817 1479 829 1498 ,
853 1442 942 1488 sinc
963 1443 1161 1501 jubentis
1181 1442 1431 1489 discrimine
1453 1441 1639 1506 quilibet
1662 1441 1716 1487 de

336 1513 481 1560 medio
504 1513 738 1559 tolleretur.

404 1585 452 1630 V.
485 1585 571 1629 Nos
594 1584 777 1640 interea,
807 1584 1018 1647 quoniam
1043 1599 1198 1630 rumor
1214 1596 1305 1630 erat
1324 1621 1334 1641 ,
1357 1584 1479 1648 quod
1500 1584 1719 1631 ecclesias·

340 1656 426 1701 tica
448 1672 599 1700 manus
626 1666 768 1718 posset
795 1672 865 1700 eos
894 1657 1085 1718 eripere,
1113 1655 1231 1702 falsis
1261 1655 1626 1720 promissionibus
1646 1649 1719 1700 lu-

340 1725 570 1779 debamur,
590 1735 637 1770 ut
648 1725 722 1770 1110
737 1742 824 1770 11011
838 1725 974 1770 solum
985 1725 1105 1788 quasi
1120 1725 1384 1781 volente,sed
1394 1726 1523 1771 etiam
1539 1725 1723 1769 instante

343 1813 426 1859 pro
449 1796 507 1840 eis
531 1795 585 1840 ad
608 1795 878 1841 comitatum
915 1796 1147 1859 episcopus
1176 1796 1447 1852 mitteretur,
1477 1807 1525 1840 ea
1545 1793 1722 1857 pollici-

345 1867 505 1912 tatione
536 1865 790 1929 interposita
827 1867 1152 1929 episcopalibus
1192 1867 1369 1912 auribus
1391 1903 1400 1922 ,
1443 1864 1562 1928 quod
1586 1864 1724 1910 donec
1760 1906 1763 1909 ᾗ

348 1935 511 1998 aliquid
539 1952 618 1998 pro
645 1936 702 1981 eis
726 1936 815 1981 illic
838 1948 1062 1996 ageretur,
1095 1936 1264 1981 nullum
1291 1952 1432 1982 causae
1457 1935 1632 1980 illorum
1653 1950 1726 1979 ex-

347 2007 556 2052 citaretur
573 2024 764 2052 examen.
781 2008 1004 2052 Postremo
1027 2007 1169 2071 pridie
1188 2024 1320 2070 quam
1339 2006 1591 2060 ferirentur,
1610 2004 1728 2050 venit

353 2077 408 2123 ad
440 2094 518 2122 nos
542 2077 793 2139 praestantia
826 2088 900 2123 tua
920 2113 930 2132 ,
953 2095 1073 2141 spem
1098 2077 1284 2134 dedisti,
1312 2076 1485 2141 qualem
1504 2092 1728 2139 nunquam

350 2158 474 2193 antea
491 2146 685 2202 dederas,
706 2148 824 2211 quod
846 2165 915 2193 eos
934 2148 1017 2193 tibi
1033 2159 1177 2211 posset
1200 2147 1436 2194 concedere
1455 2145 1725 2210 profecturo,

354 2234 456 2263 cum
476 2217 538 2262 illi
563 2218 749 2277 graviter
772 2218 1098 2282 prudenterque
1125 2218 1322 2273 dixisses,
1353 2228 1492 2264 totum
1518 2215 1637 2280 quod
1663 2226 1730 2261 te-

353 2306 455 2334 cum
480 2299 567 2334 tam
586 2289 749 2334 assidue
766 2289 1017 2336 familiarius
1037 2290 1324 2353 secretiusque
1335 2285 1622 2353 loquereturss,
1643 2302 1730 2331 non

356 2369 396 2404 te
420 2359 634 2405 honorare
667 2360 815 2423 potius
841 2375 974 2424 quam
1010 2375 1184 2421 gravere
1204 2396 1214 2416 ,
1254 2370 1383 2424 atque
1405 2358 1458 2406 ad
1484 2357 1529 2405 id
1549 2357 1690 2403 valere
1717 2394 1728 2412 ,

345 2429 484 2491 quod
498 2431 820 2476 communicato
840 2442 881 2477 et
898 2441 1165 2494 pertractato
1189 2431 1301 2476 inter
1323 2447 1399 2476 vos
1419 2430 1569 2475 mortis
1584 2442 1730 2474 eorum

408 2528 418 2550 1
441 2531 533 2559 Forte
557 2528 713 2573 Apringio
731 2530 858 2564 Judice.
879 2549 922 2555 —
939 2528 954 2552 ²
981 2529 1185 2563 Marcellinus
1201 2528 1375 2563 Tribunus,
1392 2547 1437 2555 —
1455 2526 1469 2551 3
1486 2528 1599 2566 ΑῙ-’ἀὴ
1625 2527 1734 2569 lmine·

358 2594 479 2618 remur.
