1799 3251
563 270 777 301 EpisToLA
814 271 944 302 CLvil.
1359 262 1448 325 ¹273

82 333 164 397 piis
184 334 227 380 in
252 334 336 380 suis
353 333 676 381 necessitatibus
703 347 1013 385 sustentantur.
1048 339 1193 385 Habet
1213 340 1326 386 enim
1363 343 1452 388 Ec-

81 404 206 450 clesia
226 404 552 468 quodammodo
577 423 673 451 suos
713 406 887 463 milites,
915 419 956 453 et
983 409 1309 472 quodammodo
1337 412 1452 458 Pro-

79 474 297 521 vinciales.
329 474 451 521 Unde
471 475 579 521 dicit
604 476 837 539 Apostolus
859 495 868 522 :
892 500 910 520 α
937 479 1045 535 Quis
1081 480 1236 526 militat
1270 482 1355 527 suis
1372 483 1452 529 sti-

80 565 99 585 »
119 544 290 606 pendiis
322 562 515 608 unquam
533 545 620 591 11³»
645 547 790 592 Habet
830 558 870 593 et
897 549 1065 594 vineam
1097 561 1138 595 et
1159 551 1446 613 plantatores,

78 613 213 660 habet
246 633 414 676 gregem
461 626 502 661 et
539 627 746 679 pastores
801 618 924 662 [nde
961 633 1277 681 consequenter
1303 622 1446 669 dicit:

79 705 99 725 «
120 685 229 742 Quis
247 686 621 749 plantatvineam,
649 698 690 732 et
720 686 773 732 de
810 686 957 734 fructu
980 692 1070 748 ejus
1095 707 1182 735 non
1200 691 1319 737 edit?
1346 694 1454 749 Quis

76 777 97 798 ›>
122 757 262 819 pascit
283 774 469 817 gregem,
491 767 531 801 et
555 757 731 802 delacte
744 761 834 817 ejus
859 776 944 803 non
963 760 1182 822 percipit?
1197 784 1216 802 >2
1239 762 1450 819 Quamvis

77 826 177 872 talia
197 826 435 890 disputare,
454 827 599 890 qualia
621 828 688 872 isti
717 827 961 890 disputant,
990 847 1077 875 non
1092 831 1145 875 sit
1162 832 1362 890 militare,
1379 834 1453 880 sed

74 896 282 943 rebellare
309 918 319 945 ε
357 915 446 943 non
483 897 536 943 sit
556 897 754 960 plantare
786 898 973 954 vineam,
997 899 1069 945 sed
1094 901 1338 957 eraclicare3
1367 922 1455 951 non

75 967 127 1013 sit
139 967 381 1031 pascendos
399 985 674 1027 congregare,
694 967 766 1013 sed
790 967 1034 1030 perdendos
1052 988 1073 1015 a
1096 988 1220 1031 grege
1238 990 1447 1036 separare.

138 1039 388 1085 XXXVIII.
417 1038 540 1084 Sicut
561 1048 703 1084 autem
728 1039 811 1101 ipsi
835 1039 912 1102 qui
932 1039 1118 1086 divitum
1137 1042 1341 1103 religiosis
1367 1046 1453 1091 ob-

73 1109 229 1172 sequiis
266 1109 442 1155 aluntur
476 1119 605 1171 atque
644 1109 887 1154 vestiuntur
929 1109 1103 1173 (neque
1145 1113 1257 1158 enim
1280 1114 1333 1159 ad
1354 1132 1450 1161 suas

73 1179 340 1225 necessitates
362 1178 474 1224 nihil
511 1178 757 1241 accipiunt,
785 1179 865 1224 nisi
900 1180 954 1226 ab
977 1180 1035 1225 eis
1054 1181 1206 1243 quires
1226 1200 1322 1229 suas
1342 1202 1450 1231 ven-

74 1249 237 1313 dunt),
271 1268 359 1296 non
403 1261 547 1295 tamen
565 1250 823 1309 judicantur
851 1260 977 1313 atque
1002 1250 1266 1299 damnantur
1289 1254 1346 1300 ab
1375 1273 1449 1301 ex-

71 1321 393 1367 cellentioribus
415 1319 580 1365 Christi
600 1320 824 1375 membris,
848 1321 924 1382 qui
943 1322 1097 1380 majori
1117 1323 1292 1381 virtute,
1316 1342 1448 1389 quam

70 1390 257 1437 multum
278 1389 556 1437 commendat
586 1389 832 1452 ApostoluS,
869 1390 956 1435 suis
993 1407 1034 1435 se
1061 1393 1264 1439 manibus
1287 1397 1446 1442 transi-

70 1472 177 1522 gunt
201 1479 211 1507 :
239 1461 299 1507 sic
321 1477 398 1506 nec
414 1460 484 1505 isti
505 1459 714 1505 damnare
731 1459 1117 1507 debentinferioris
1138 1465 1278 1510 meriti
1300 1466 1447 1514 Chris-

69 1533 409 1597 tianosquorum
421 1530 580 1594 opibus
614 1531 928 1590 transiguntur,
959 1531 1028 1576 sed
1056 1544 1169 1579 recte
1197 1535 1382 1582 vivendo
1403 1550 1445 1584 et

68 1614 182 1649 recte
223 1602 421 1649 docendo
462 1601 596 1661 magis
638 1602 695 1647 eis
719 1601 878 1658 dicere,
907 1602 951 1647 Si
977 1619 1054 1648 nos
1087 1605 1211 1650 vobis
1234 1607 1445 1669 spiritalia

68 1675 395 1731 seminavimus,
421 1689 626 1732 magnum
661 1683 722 1717 est
757 1673 790 1717 si
825 1683 964 1718 vestra
988 1674 1175 1719 carnalia
1203 1683 1446 1726 metamus?

4 1766 7 1767 ⁷
70 1745 210 1791 Multo
233 1745 399 1808 quippe
419 1743 577 1788 minori
595 1742 867 1805 impudentia
885 1744 993 1788 servi
1014 1744 1111 1797 Dei,
1136 1746 1210 1807 qui
1234 1764 1442 1795 manuum

68 1830 242 1860 suarum
259 1813 450 1859 honestis
468 1813 674 1875 operibus
696 1812 880 1858 venditis
904 1813 1074 1867 vivunt,
1105 1814 1315 1862 damnant
1336 1819 1441 1866 istos

69 1885 266 1948 aquibus
287 1885 397 1929 nihil
418 1883 660 1946 accipiunt,
686 1900 816 1947 quam
837 1884 905 1929 isti
941 1885 1016 1947 qui
1042 1898 1223 1949 propter
1251 1889 1440 1953 aliquam

68 1956 262 2020 corporis
296 1954 592 2000 infirmitatem
644 1971 732 1999 non
777 1954 965 2000 valentes
1005 1958 1206 2003 manibus
1246 1963 1433 2022 operari,

66 2027 276 2073 damnant
298 2043 367 2072 eos
386 2026 516 2089 ipsos,
538 2025 590 2070 de
604 2042 791 2089 quorum
817 2026 1101 2073 facultatibus
1126 2030 1292 2077 vivunt.

131 2099 338 2144 XXXIX.
361 2098 452 2156 Ego
497 2097 569 2159 qui
607 2096 705 2142 haec
739 2097 908 2153 scribo,
942 2097 1248 2161 perfectionem
1279 2101 1332 2148 de
1352 2120 1438 2166 qua

67 2170 279 2216 Dominus
322 2167 492 2213 locutus
533 2177 609 2222 est,
650 2167 826 2230 quando
874 2168 931 2213 ait
971 2169 1097 2214 diviti
1136 2170 1395 2220 adolescenti
1424 2194 1434 2220 :

66 2261 86 2281 «
107 2240 242 2291 Vade,
262 2238 398 2284 vende
414 2237 557 2282 omnia
573 2254 671 2301 quae
690 2238 844 2294 hahes,
866 2249 906 2284 et
928 2240 981 2285 (la
997 2241 1284 2303 pauperibus,
1305 2245 1436 2290 etha-

66 2333 86 2352 »
112 2310 234 2355 bebis
260 2309 512 2354 thesaurum
533 2308 575 2352 in
601 2307 713 2353 coelo
737 2327 747 2353 :
783 2320 823 2355 et
852 2311 949 2355 veni
976 2327 1151 2373 sequere
1172 2329 1238 2356 me
1256 2313 1291 2368 2,
1316 2335 1334 2354 n
1357 2332 1435 2360 vc-

65 2381 288 2426 hementer
303 2377 515 2433 adamavi,
548 2389 589 2423 et
606 2395 692 2423 non
719 2380 822 2425 meis
846 2380 1027 2435 viribus,
1053 2380 1124 2425 sed
1147 2382 1280 2441 gratia
1302 2383 1437 2447 ipsius

65 2450 295 2511 adjuvante
315 2449 374 2494 sic
408 2447 502 2495 feci.
536 2449 685 2511 Neque
716 2450 829 2494 enim
857 2451 959 2513 quia
983 2451 1102 2496 dives
1123 2469 1210 2497 non
1235 2452 1316 2509 fui,
1341 2456 1438 2502 ideo

64 2521 205 2567 minus
221 2519 330 2564 mihi
356 2518 664 2581 imputabitur.
699 2519 808 2566 Nam
832 2537 970 2584 neque
1006 2521 1085 2584 ipsi
1123 2523 1334 2584 Apostoli,
1365 2528 1440 2589 qui

112 2604 122 2626 ¹
149 2615 161 2634 1
185 2605 256 2634 Cor.
277 2614 321 2638 ix,
339 2615 369 2641 7.
386 2621 427 2625 —-
450 2599 464 2621 ²
482 2601 599 2634 Manli.
619 2613 684 2639 xix,
706 2614 759 2635 21.

226 2673 391 2704 cxxxii.
1263 2660 1315 2708 18
