1799 3251
342 279 435 335 254
760 291 796 321 s.
840 289 1082 319 Aucusrrm
1117 288 1322 320 EPISCOPI

343 358 463 422 quod
481 368 572 404 erat
598 357 644 403 in
661 355 881 419 principio
899 390 910 410 ,
941 372 1029 400 non
1050 354 1179 400 etiam
1200 372 1277 418 per
1300 354 1433 401 fidem
1455 354 1715 401 incarnati&

343 431 410 476 nis
433 433 524 489 ejus
541 466 551 483 ‚
573 445 662 491 qua
684 437 726 471 et
743 427 875 471 homo
896 425 1096 471 Christus
1114 425 1293 475 dicitur,
1317 426 1708 489 potuisseliberari.

344 499 564 545 Sententia
584 497 748 560 quippe
775 495 854 540 ista
881 494 1043 540 destrui
1072 513 1158 540 non
1184 506 1351 558 potest,
1379 496 1432 541 de
1448 514 1535 559 qua
1552 507 1593 541 et
1610 495 1717 542 alibi

343 570 452 615 dicit
476 606 487 625 ,
522 590 538 609 α
555 568 638 612 Per
663 582 798 612 unum
817 565 1039 610 hominem
1066 582 1179 611 mors
1196 601 1207 621 ‚
1237 576 1278 610 et
1302 583 1380 628 per
1404 582 1540 611 unum
1567 565 1717 611 homi-

343 661 364 680 »
385 655 483 684 nem
502 636 754 683 resurrectio
774 644 1059 680 mortuorum.
1083 635 1205 679 Sicut
1222 635 1335 679 enim
1350 634 1395 679 in
1415 634 1552 680 Adam
1570 650 1718 680 omnes

346 731 368 753 >2
393 709 640 754 moriuntur
660 744 668 761 ‚
692 708 750 752 ita
774 716 814 750 et
837 705 880 750 in
910 705 1087 749 Christo
1119 722 1266 750 omnes
1286 704 1677 750 vivificabu11tur1.
1695 725 1718 747 »

348 781 509 844 [tique
518 777 873 824 resurrectionem
892 775 998 820 dicit
1012 779 1232 834 justorum
1244 812 1253 830 ‚
1267 775 1343 820 ubi
1359 776 1518 821 estvita
1535 785 1718 833 aeterna;

348 868 437 897 non
472 849 828 896 resurrectionem
851 846 1134 909 iniquorum,
1174 846 1252 891 ubi
1280 863 1395 891 mors
1418 846 1499 891 erit
1537 856 1714 893 aeterna.

348 921 452 967 Ideo
472 921 531 966 ait
551 942 570 963 «
590 917 941 966 vivificabuntur
957 936 968 970 3
984 939 1002 958 υ
1028 918 1130 979 quia
1154 916 1217 962 illi
1236 916 1578 963 damnabuntur.
1605 916 1720 962 Hine

348 1003 391 1038 et
409 993 454 1038 in
473 991 689 1038 veteribus
715 987 991 1034 sacramentis
1011 987 1286 1032 circumcisio
1319 986 1603 1050 parvulorum
1638 996 1719 1031 ος·-Δ

350 1070 446 1108 tava
469 1061 540 1107 die
565 1060 656 1106 fieri
681 1067 904 1122 praecepta
935 1056 1025 1102 est2
1040 1093 1052 1113 ,
1077 1056 1285 1120 quoniam
1309 1057 1508 1102 Christus
1528 1093 1538 1111 ‚
1560 1056 1605 1101 in
1632 1059 1721 1118 quo

350 1132 400 1178 fit
424 1131 573 1177 delicti
590 1128 774 1176 carnalis
797 1126 1027 1190 expoliatio
1044 1163 1055 1182 ‚
1078 1143 1210 1189 quam
1240 1127 1455 1185 significat
1488 1124 1720 1171 circumci-

347 1201 410 1248 sio
425 1237 438 1258 ‚
459 1201 528 1247 die
553 1199 775 1246 dominico
796 1196 1038 1253 resurrexit,
1069 1196 1147 1258 qui
1168 1206 1268 1259 post
1295 1196 1528 1259 septimum
1547 1193 1722 1241 sabbati

349 1283 529 1318 octavus
557 1281 634 1318 est.
663 1270 772 1316 Haec
796 1285 896 1326 ergo
921 1267 1028 1313 fides
1049 1267 1179 1312 etiam
1204 1266 1482 1330 antiquorum
1500 1269 1721 1325 J'ustorum

347 1342 446 1388 fuit.
472 1341 598 1387 Unde
619 1351 661 1386 et
682 1338 915 1402 Apostolus
933 1337 1042 1382 dicit
1062 1372 1071 1389 ‚
1092 1336 1342 1381 «Habentes
1362 1347 1502 1382 autem
1523 1334 1724 1381 eumdem

351 1434 372 1455 n
396 1413 596 1476 spiritum
628 1410 727 1457 fidei
761 1420 943 1472 propter
974 1406 1094 1470 quod
1129 1407 1342 1469 scriptum
1378 1417 1466 1451 est:
1509 1404 1721 1460 Credidi,

351 1505 372 1526 >2
392 1494 572 1547 propter
593 1480 713 1545 quod
741 1479 914 1524 locutus
941 1494 1034 1522 sum
1066 1495 1076 1522 :
1109 1488 1149 1522 et
1169 1493 1246 1521 nos
1270 1475 1487 1521 credimus
1506 1512 1516 1529 ‚
1541 1486 1726 1538 propter

351 1553 508 1617 »quod
534 1563 575 1597 et
594 1550 846 1614 loquimur⁵
875 1566 885 1593 ε
915 1569 934 1590 n
964 1565 1050 1592 non
1076 1547 1239 1592 diceret
1261 1583 1271 1601 ‚
1299 1568 1318 1587 «
1351 1545 1559 1591 Eumdem
1591 1545 1724 1608 spiri—

351 1647 373 1667 »
396 1635 487 1669 tum
513 1623 643 1674 fidei3
667 1642 686 1662 >³
719 1620 798 1665 nisi
827 1619 1061 1663 admonens
1089 1617 1218 1661 etiam
1254 1617 1453 1679 antiquos
1477 1619 1617 1675 jtlstos
1640 1615 1726 1660 ha-

349 1695 494 1740 buisse
512 1694 653 1756 ipsum
675 1689 875 1753 spiritum
900 1687 1019 1741 fidei,
1044 1688 1129 1732 hoc
1144 1697 1206 1731 est
1222 1685 1528 1730 incarnationis
1543 1684 1723 1731 Christi.

353 1765 438 1811 Sed
473 1764 575 1828 quia
611 1761 695 1807 illis
733 1759 880 1804 futura
915 1757 1331 1821 praenuntiabatur,
1364 1759 1573 1818 quaejam
1610 1755 1725 1800 facta

351 1835 478 1881 nobis
504 1832 811 1884 annuntiatur,
846 1839 886 1873 ct
912 1839 1107 1891 tempore
1132 1827 1294 1872 Veteris
1317 1826 1581 1872 Testamenti
1611 1824 1724 1870 vela-

349 1906 508 1959 batur,
544 1919 644 1966 quae
681 1911 876 1962 tempore
898 1898 1010 1944 Novi
1040 1897 1304 1942 Testamenti
1334 1897 1582 1949 revelatum
1627 1893 1725 1940 ideo

351 1979 442 2035 ejus
472 1980 738 2019 sacramenta
769 1969 933 2014 variata
965 1977 1089 2021 sunt,
1136 1977 1184 2012 ut
1220 1966 1301 2011 alia
1338 1975 1476 2010 essent
1508 1965 1553 2009 in
1582 1964 1726 2009 Veteri

351 2046 643 2095 Testamento,
667 2040 746 2085 alia
768 2039 812 2083 in
834 2038 988 2090 Nox-03
1012 2053 1113 2082 cnm
1140 2035 1268 2081 fidees
1285 2036 1376 2098 ipsa
1402 2034 1518 2080 varia
1542 2050 1628 2079 non
1649 2033 1722 2090 sit,-

351 2116 424 2162 sed
451 2132 537 2160 una
563 2112 640 2158 sit:
668 2131 688 2151 a
708 2109 822 2164 Quia
847 2108 959 2153 sicut
979 2108 1023 2152 in
1045 2106 1184 2152 Adam
1210 2123 1357 2151 omnes
1378 2104 1642 2161 moriuntur,
1663 2104 1725 2150 sic

351 2210 371 2231 n
389 2199 430 2232 et
452 2186 496 2231 in
516 2182 692 2230 Christo
713 2195 860 2225 omnes
881 2177 1275 2223 V1vificabu11tu1··'⁸.
1296 2198 1316 2218 ›>

415 2255 510 2302 XV.
541 2251 676 2309 Quod
700 2267 798 2296 vero
817 2248 900 2294 illis
918 2248 1062 2294 verbis
1077 2285 1086 2301 ‚
1105 2265 1203 2310 quae
1225 2247 1544 2301 tractabamus,
1567 2243 1722 2305 adjun⁴

352 2328 440 2388 git,
462 2336 503 2370 et
519 2323 651 2378 dicit,
672 2322 790 2365 «Lex
815 2329 955 2364 autem
979 2317 1270 2371 subintravit,
1296 2327 1344 2361 ut
1369 2315 1611 2361 abundaret
1641 2314 1723 2360 de-

350 2421 369 2441 »
393 2394 596 2448 lietu1n5‚
620 2415 638 2434 n
672 2393 758 2446 iam
782 2407 871 2435 non
894 2389 1079 2452 pertinet
1111 2388 1165 2433 ad
1200 2387 1307 2433 illud
1333 2387 1540 2432 delictum
1561 2423 1571 2440 ,
1603 2384 1724 2449 quod

351 2468 538 2516 trahitur
561 2481 610 2509 ex
634 2461 794 2516 Adam,
821 2460 874 2505 de
891 2476 980 2522 quo
1001 2459 1177 2504 dicebat
1200 2458 1398 2520 superius
1416 2492 1427 2507 ,
1450 2477 1468 2497 ει
1490 2457 1607 2501 Mors
1623 2471 1722 2515 reg—

389 2570 431 2598 11
448 2569 521 2599 Cor,
535 2575 584 2599 xv,
601 2574 657 2594 21.
674 2578 716 2584 —-
730 2558 746 2581 ²
768 2558 865 2591 Levit.
883 2569 939 2596 ΧΠ,
959 2559 988 2590 3.
1002 2575 1047 2582 —
1067 2554 1081 2580 ³
1098 2569 1114 2589 2
1132 2560 1206 2589 Cor.
1224 2568 1270 2594 xv,
1299 2558 1352 2588 13.
1375 2571 1416 2579 -—
1435 2550 1448 2576 ⁴
1479 2567 1488 2585 ι
1509 2556 1584 2586 Cor.
1600 2564 1651 2592 xv,
1667 2562 1718 2585 απ

343 2643 384 2652 ....
403 2623 415 2647 5
434 2626 526 2655 Rom.
547 2631 576 2657 v,
595 2629 648 2650 20.
