1799 3251
335 308 426 353 502
745 317 778 348 s.
824 309 1070 346 anensium
1105 310 1309 347 Emsco'rl

337 384 531 432 cordiam
551 383 630 447 qui
647 382 780 436 dixin
805 403 825 423 c<
847 381 1084 427 Miserebor
1105 380 1176 425 cui
1194 379 1392 425 misertus
1409 396 1482 425 ero
1501 416 1511 436 ‚
1532 390 1574 426 et
1592 379 1711 426 mise-

336 480 358 501 »
378 455 613 503 ricordiam
648 453 871 518 praestabo
900 452 974 497 cui
1009 450 1249 496 misericors
1271 449 1393 495 fuero
1411 449 1445 496 1.
1469 471 1489 491 >2
1514 449 1720 496 Fateatur

338 532 450 578 filios
480 530 559 575 Dei
591 528 739 574 vocari
775 543 897 590 posse
925 525 1043 580 illos,
1073 524 1149 588 qui
1177 523 1372 586 quotidie
1395 522 1576 580 dicunt,
1604 545 1625 566 «
1644 525 1719 570 Dio

337 623 360 643 »
381 601 503 646 mitte
521 599 649 645 nobis
664 597 811 643 debita
828 597 1000 642 nostra2
1032 611 1042 639 t
1065 616 1084 636 >³
1103 590 1222 657 quod
1243 593 1392 656 utique
1408 594 1618 640 veraciter
1631 612 1720 640 non

341 672 535 718 dicerent
551 708 563 726 ,
587 670 619 715 si
641 678 777 714 essent
797 664 1049 712 omnimodo
1073 665 1162 709 sine
1192 674 1391 727 peccato.
1417 665 1620 710 Fateatur
1634 680 1722 711 esse

342 742 530 788 liberum
552 739 785 785 arbitrium
804 737 934 782 etiam
956 736 989 781 si
1013 735 1162 780 divino
1185 734 1348 794 indiget
1371 733 1602 794 adjutorio.
1636 735 1721 781 Fa-

340 820 482 857 teatur
499 810 676 874 quando
697 818 849 854 contra
871 807 1131 852 tentationes
1153 805 1615 869 concupiscentiasque
1631 805 1722 851 illia

345 882 451 928 citas
476 880 739 926 dimicamus
757 916 767 934 ‚
810 878 1010 941 quamvis
1036 885 1078 921 et
1102 875 1192 920 illic
1226 875 1466 921 habeamus
1496 876 1723 940 propriam

343 951 639 1006 voluntatem,
677 965 765 994 non
802 957 944 993 tamen
975 963 1022 992 ex
1054 944 1154 1001 illa,
1194 944 1267 990 sed
1302 960 1347 990 ex
1388 945 1606 1006 adjutorio
1645 945 1725 991 Dei

345 1032 538 1067 nostram
558 1019 788 1082 provenire
807 1018 1052 1063 victoriam.
1081 1015 1180 1060 Non
1199 1015 1314 1061 enim
1333 1016 1455 1062 aliter
1475 1033 1627 1063 verum
1645 1016 1726 1062 erit

346 1091 466 1155 quod
495 1088 728 1152 Apostolus
760 1088 848 1144 ait,
885 1109 904 1128 α
924 1089 1023 1132 Non
1047 1085 1261 1143 volentis,
1302 1102 1442 1149 neque
1477 1086 1688 1132 currentis
1710 1123 1722 1143 ,

342 1183 366 1206 2)
391 1161 464 1207 sed
491 1159 730 1205 miserentis
751 1169 813 1204 est
838 1158 915 1204 Dei
936 1157 970 1204 3.
997 1179 1018 1199 ³>
1045 1157 1246 1202 Fateatur
1276 1156 1515 1202 secundum
1544 1158 1726 1217 gratiam

344 1243 388 1279 et
407 1228 749 1277 misericordiam
774 1228 853 1274 Dei
879 1229 1049 1274 veniam
1072 1226 1394 1290 poenitentibus
1411 1228 1532 1284 dari,
1557 1244 1646 1273 non
1665 1237 1728 1273 sea

347 1303 543 1351 cundum
565 1303 717 1348 merita
741 1317 891 1347 eorum
915 1318 925 1346 ε
950 1299 1311 1364 quandoquidem
1330 1301 1458 1345 etiam
1478 1300 1618 1363 ipsam
1639 1316 1729 1363 poe-

346 1375 574 1421 nitentiam
593 1373 759 1418 donum
782 1373 862 1418 Dei
882 1372 989 1417 dixit
1008 1370 1261 1434 ApostolUS,
1289 1370 1368 1416 ubi
1391 1373 1450 1416 ait
1471 1369 1523 1416 de
1541 1370 1728 1434 quibus->

347 1446 448 1491 dam
469 1483 478 1501 ‚
522 1466 542 1486 α
564 1444 629 1489 Ne
662 1444 772 1489 forte
807 1442 879 1488 det
904 1440 988 1488 illis
1028 1442 1143 1487 Deus
1177 1441 1482 1503 poenitentiam
1499 1440 1533 1488 Δ.
1562 1462 1583 1483 ι)
1621 1440 1728 1486 Haec

347 1516 493 1562 onmia
516 1511 773 1578 simpliciter
809 1513 898 1559 sine
925 1511 1023 1558 ullis
1046 1512 1233 1558 fateatur
1262 1511 1521 1572 ambagibus
1537 1549 1547 1568 ‚
1571 1511 1604 1557 si
1632 1511 1729 1574 quis

347 1587 393 1632 in
417 1584 719 1631 auctoritatem
751 1581 1015 1629 catholicam
1046 1593 1088 1627 et
1114 1583 1158 1628 in
1182 1582 1320 1645 ipsius
1353 1581 1516 1642 Pelagii
1536 1595 1730 1646 expressa

346 1654 643 1701 ecclesiasticis
663 1655 804 1699 Gestis
823 1653 956 1700 verba
975 1651 1366 1715 consentit.Neque
1385 1652 1499 1698 enim
1519 1651 1611 1708 illa,
1629 1667 1730 1714 quae

348 1725 417 1771 his
437 1734 537 1771 sunt
565 1725 782 1770 contraria
798 1762 808 1779 ,
835 1724 1046 1770 veraciter
1068 1723 1431 1769 anathematizata
1451 1740 1536 1768 esse
1553 1722 1730 1768 creden-

350 1794 456 1841 dum
484 1805 578 1851 est,
617 1795 698 1839 nisi
735 1793 833 1840 hae'c
868 1794 1032 1857 quibus
1065 1801 1166 1839 sunt
1200 1793 1419 1838 contraria
1448 1792 1568 1838 fideli
1599 1791 1730 1838 corde

349 1875 600 1919 teneantur,
625 1876 665 1910 ct
691 1874 840 1928 aperta
866 1864 1133 1910 confessione
1151 1873 1427 1927 promantur.

415 1936 622 1983 XXXIV.
668 1936 798 1981 Nec
787 1953 832 1981 in
855 1936 944 1981 istis
975 1933 1100 1982 libris
1125 1934 1463 1981 recentioribus.
1487 1944 1595 1998 quos
1614 1932 1728 1979 idem

350 2007 551 2067 Pelagius
577 2014 676 2069 post
703 2005 813 2052 illud
845 2005 1064 2065 judicium
1100 2004 1264 2051 dicitur
1297 2003 1480 2049 edidisse
1498 2004 1730 2067 ‚quamvis

348 2078 564 2138 adjutolio
589 2077 750 2122 dixinae
771 2077 921 2137 gratiae
949 2063 1222 2122 consentire
1207 2075 1422 2123 ideatur
1443 2074 1552 2138 quid
1575 2074 1628 2120 de
1644 2074 1731 2120 hac

346 2166 391 2194 re
409 2148 561 2193 sentiat
582 2147 681 2192 satis
709 2147 928 2192 evidenter
953 2156 1149 2210 apparet.
1175 2127 1425 2208 Aliquando
1437 2145 1550 2190 enim
1575 2145 1633 2190 ita
1653 2162 1729 2208 pa-

345 2219 467 2265 ribus
504 2217 733 2263 momentis
768 2228 1025 2281 potestatem
1060 2216 1298 2262 voluntatis
1322 2231 1448 2278 aequa
1471 2217 1595 2261 lance
1625 2232 1730 2279 per-

348 2288 465 2353 pend
487 2299 503 2334 t
524 2326 533 2339 „
576 2297 626 2332 ut
650 2299 863 2351 quantum
895 2287 947 2333 ad
970 2286 1243 2350 peccandum
1261 2324 1270 2341 ‚
1312 2296 1482 2331 tantum
1518 2285 1646 2331 etiam
1676 2285 1730 2331 ad

346 2377 434 2406 non
459 2358 732 2422 peccandum
769 2359 910 2405 valere
945 2358 1151 2404 definiat:
1181 2357 1299 2420 quod
1321 2356 1354 2403 si
1386 2357 1444 2402 ita
1469 2366 1556 2412 est,
1585 2355 1730 2402 nullus

347 2428 468 2476 locus
494 2428 713 2488 adjutorio
746 2430 897 2488 gratiae
925 2438 1166 2475 reservatur
1183 2465 1193 2479 ,
1225 2428 1315 2473 sine
1338 2443 1425 2490 qua
1447 2443 1526 2472 nos
1543 2425 1730 2472 dicimus

349 2498 403 2546 ad
438 2516 526 2545 non
563 2497 837 2562 peccandum
875 2497 988 2545 nihil
1025 2497 1261 2545 voluntatis
1301 2496 1531 2542 arbitrium
1565 2495 1721 2543 valere.

396 2599 522 2631 ¹Exod.
545 2609 670 2641 xxxm,
704 2610 754 2640 19.
779 2617 820 2623 -
839 2597 855 2621 ²
880 2596 999 2633 Mauh.
1019 2611 1060 2638 η,
1083 2610 1135 2630 12.
1155 2615 1199 2621 —
1216 2595 1231 2620 3
1245 2600 1341 2631 Rom.
1368 2608 1414 2640 ιχ,
1437 2598 1490 2630 16.
1512 2614 1555 2621 —
1569 2593 1584 2619 ⁴
1604 2607 1621 2627 2
1639 2593 1726 2628 Tim.

347 2668 388 2695 11,
405 2665 459 2686 23.
