1799 3251
589 280 798 312 EPlSToLA
840 283 964 311 ctxv.
1382 271 1474 330 3¹9

103 358 290 410 utroque
308 347 439 393 modo
460 346 640 407 intelligi
659 367 671 400 ;
705 345 780 392 sed
802 346 881 391 ista
907 347 1114 392 sententia
1138 347 1191 393 de
1213 348 1335 394 nulla
1353 349 1474 396 falsi-

103 429 187 464 tate
219 418 508 464 convincitur.
543 418 609 463 Ad
643 417 737 463 illas
779 428 923 462 autem
962 418 1220 480 quaestiones
1241 436 1349 482 quas
1376 431 1474 466 ante

100 488 279 544 misisti,
318 499 493 552 excepta
532 488 611 533 Dei
644 487 806 534 visione
843 504 920 550 per
955 505 1142 550 corpus,
1185 489 1300 535 unde
1337 495 1475 550 majus

100 575 209 621 opus
249 558 515 604 moliendum
549 569 636 614 est,
668 568 715 603 ut
752 558 879 620 potui
900 594 911 612 ,
939 558 1168 621 respondi⁹
1189 570 1231 604 et
1252 577 1330 622 per
1354 560 1476 605 Asel-

96 629 189 674 lum
219 628 454 674 diaconum
473 629 592 683 misi,
619 627 739 692 quod
771 638 812 673 te
835 628 1046 690 accepisse
1070 631 1160 686 jam
1184 640 1305 691 puto.
1331 631 1381 675 In
1406 648 1476 676 re-

97 699 211 744 centi
237 709 377 744 autem
400 698 732 744 commonitorio
758 708 854 754 tuo,
882 698 954 742 cui
976 714 1095 743 nunc
1127 699 1359 762 respondi,
1386 701 1474 746 duo

96 770 346 832 quaesieras,
369 786 555 832 quorum
573 780 805 832 utrumque
827 778 1059 813 tractatum
1074 778 1151 825 est,
1174 785 1308 814 unum
1325 770 1472 827 latius,

97 837 281 884 alterurn
300 839 502 895 brevius,
530 839 582 885 de
611 839 728 885 Petri
760 838 923 884 scilicet
947 838 1129 901 apostoli
1154 839 1296 884 verbis
1315 877 1326 896 ,
1353 851 1394 885 et
1422 841 1475 887 de

98 909 242 954 anima
267 909 461 956 Domini.
492 910 748 973 Exemplum
772 927 871 954 sane
893 909 1134 954 litterarum
1160 920 1352 967 tuarum,
1379 928 1479 974 quae

96 979 323 1025 continent
338 980 716 1040 interrogationem
744 990 888 1025 utrum
910 979 990 1024 Dei
1011 980 1253 1025 substantia
1273 998 1478 1044 corpora-

96 1048 194 1095 liter
217 1049 336 1096 velut
363 1049 408 1095 in
428 1050 525 1096 loco
550 1050 686 1095 videri
707 1050 869 1113 possit,
896 1060 938 1094 et
964 1050 1083 1112 apud
1104 1067 1180 1095 nos
1199 1051 1341 1096 nescio
1361 1069 1476 1115 quo-

97 1119 228 1165 modo
256 1120 596 1173 aberraverunt,
624 1137 703 1165 nec
736 1119 921 1165 inveniri
949 1135 1050 1164 cum
1075 1119 1152 1164 diu
1178 1133 1475 1183 quaererentur

96 1200 361 1252 potuerunt,
386 1190 540 1236 iterum
567 1190 779 1235 admoneo
803 1189 970 1235 mittere
994 1207 1048 1234 ne
1071 1190 1272 1249 graveris,

105 1351 277 1366 Μιςὶκιη
285 1357 527 1369 ιωνιηςακκνῆ
535 1358 1203 1371 vmsstwumwmwsmztzwnoensxn
1214 1361 1271 1371 zm
1285 1362 1363 1371 §.ssa-
1386 1362 1457 1374 ”21

542 1475 805 1518 EPISTOLA
839 1475 984 1518 CLXV
1004 1476 1032 1518 ¹.

95 1600 273 1639 Dominis
293 1614 381 1639 vere
402 1601 541 1639 sanetis
560 1610 680 1652 atque
698 1602 805 1638 omni
828 1602 1047 1640 officiorum
1067 1602 1256 1643 charitate
1280 1620 1470 1645 veneran-

147 1663 208 1701 dis
235 1662 324 1701 filiis
352 1662 606 1701 MARCELLINO
636 1667 715 1711 (20)
746 1673 784 1701 et
821 1666 1069 1702 ANAPSYCHIAE
1090 1696 1099 1712 ,
1140 1666 1397 1706 Hffinoxmms
1431 1670 1468 1708 in

148 1723 302 1762 Christo
323 1723 506 1762 salutem.

95 1858 385 1913 Hieronymus
406 1858 662 1899 Marcellino
681 1869 718 1898 et
745 1859 1032 1915 Anapsyclzioe
1046 1892 1056 1907 ‚
1080 1875 1300 1916 exponens
1322 1865 1471 1905 diver-

154 1940 223 1967 sas
250 1927 485 1967 sententias
517 1926 567 1966 de
598 1926 770 1981 origine,
798 1927 963 1966 animae
982 1960 990 1973 ‚
1020 1926 1202 1969 hortans
1234 1940 1278 1969 ut
1299 1932 1470 1986 reliqua

152 2002 304 2048 petant
326 1992 378 2034 ab
404 1994 668 2051 Augustino,
699 2002 737 2034 ec
762 1992 965 2034 indicans
987 1993 1144 2047 quibus
1165 1997 1253 2051 ipse
1272 1998 1327 2038 sic
1350 2014 1471 2040 oecu-

150 2071 280 2116 patus
303 2059 472 2101 studiis.

160 2204 196 2250 Ι,
231 2224 251 2244 «
281 2204 474 2248 TANDEM
510 2219 557 2247 ex
599 2202 745 2248 Africa
789 2211 940 2248 vestrae
976 2202 1137 2249 litteras
1171 2210 1469 2258 unanimitatis

97 2274 245 2337 accepi
266 2294 277 2326 ;
302 2284 343 2318 et
368 2290 455 2318 non
482 2289 549 2318 me
571 2273 757 2335 poenitet
776 2273 1084 2335 impudentiae,
1112 2291 1197 2337 qua
1228 2281 1470 2328 tacentibus

98 2345 222 2390 vobis
261 2343 463 2406 epistolas
488 2360 600 2388 ineas
627 2343 873 2406 frequenter
908 2344 1090 2402 ingessi,
1133 2356 1181 2391 ut
1209 2351 1466 2413 rescriptum

98 2432 298 2470 mererer,
321 2424 363 2460 et
385 2431 460 2459 vos
483 2430 569 2459 esse
589 2414 766 2475 sospites
782 2451 792 2467 ‚
821 2431 909 2459 non
930 2413 1021 2459 aliis
1042 2416 1343 2466 nuntiantibus
1361 2460 1370 2477 ‚
1396 2424 1467 2468 secl

147 2525 156 2546 ι
182 2523 266 2559 Alias
283 2533 383 2555 xxvii.
407 2533 476 2565 qnae
491 2528 596 2554 autem
625 2525 686 2554 165
714 2529 778 2554 erat
791 2546 799 2562 ,
820 2534 904 2555 nune
924 2524 980 2557 53.
997 2542 1042 2547 -
1060 2525 1182 2568 Scripta
1199 2538 1263 2559 non
1282 2531 1381 2561 multo
1401 2538 1469 2573 post

97 2590 150 2613 an.
172 2586 251 2616 410.
