1799 3251
340 266 433 321 224
758 282 794 311 s.
838 279 1083 311 Aneusrmi
1118 280 1323 312 EPISCOP1

336 345 460 391 nosti.
493 345 560 390 Ita
577 344 627 390 fit
641 355 689 390 ut
711 361 813 391 cum
833 344 886 390 de
910 362 982 390 reo
999 347 1206 391 sententia
1229 363 1317 391 non
1344 362 1430 391 una
1461 350 1514 391 sit
1534 357 1679 393 nostra
1694 383 1705 403 ,

332 415 477 460 neutri
501 426 646 461 tamen
679 426 875 461 nostrum
910 416 1102 478 placeat,
1139 416 1259 478 quod
1294 433 1358 462 res
1390 434 1478 462 non
1513 417 1711 462 redditur

335 483 484 531 aliena.
505 488 570 530 De
589 485 766 531 homine
782 523 792 541 ‚
818 496 866 531 ut
888 486 1108 542 homines,
1139 486 1304 531 diversa
1327 488 1533 532 sentimus
1549 507 1558 541 3
1577 487 1650 532 sed
1667 488 1709 532 in

335 555 608 617 ipsajustitia
628 555 756 601 simul
775 573 935 603 sumus
964 555 1127 601 Eodem
1148 556 1278 601 modo
1299 557 1425 601 etiam
1439 557 1531 602 fieri
1545 567 1707 620 potest,

333 637 383 670 ut
413 626 532 688 quod
566 628 654 672 scio
678 626 865 689 aliquem
893 644 979 671 non
1005 627 1195 680 habere,
1234 626 1320 672 boc
1345 643 1442 672 eum
1479 638 1523 672 tu
1548 628 1710 673 habere

333 712 422 740 non
448 697 679 742 certissime
702 708 869 753 teneas,
905 697 977 742 sed
1011 697 1278 742 credibiliter
1302 698 1558 760 suspiceris;
1586 709 1626 743 et
1651 699 1709 743 ob

333 765 420 812 hoc
443 767 522 812 tibi
542 767 688 812 videar
708 767 967 813 intervenire
984 784 1064 830 pro
1083 784 1132 811 eo
1150 778 1160 823 ’,
1189 767 1265 830 qui
1288 778 1330 813 et
1343 767 1510 813 sceleris
1529 785 1707 831 poenam

332 837 416 882 sibi
439 837 590 900 cupiat
613 837 818 892 relaxari,
839 848 882 881 et
904 836 949 882 id
970 847 1152 900 propter
1169 836 1290 900 quod
1313 837 1448 883 scelus
1471 837 1707 883 admissum

332 917 393 952 est
411 905 642 969 possidere.
681 906 748 952 Ad
769 923 982 952 summam
1007 907 1141 966 igitur
1170 924 1309 970 neque
1333 907 1453 970 apud
1479 919 1519 953 te
1537 945 1547 963 ‚
1570 925 1708 970 neque

332 977 451 1040 apud
481 976 582 1021 tales
596 1013 606 1031 ‚
631 976 665 1021 si
687 977 763 1040 qui
782 977 1061 1040 reperiuntur
1079 977 1250 1041 qualem
1278 988 1318 1022 te
1336 995 1421 1023 esse
1439 978 1675 1038 gaudemus
1692 1015 1704 1034 ,

330 1064 470 1110 neque
493 1046 611 1109 apud
639 1047 756 1109 ipsos
780 1048 856 1110 qui
877 1065 1033 1107 magno
1058 1047 1203 1093 studio
1237 1048 1375 1093 aliena
1399 1065 1446 1094 ac
1470 1048 1581 1093 nihil
1606 1065 1707 1111 pro-

329 1116 475 1162 futura
497 1116 772 1180 multumque
791 1118 918 1162 etiam
934 1116 1178 1179 periculosa
1198 1134 1246 1162 ac
1264 1117 1505 1180 perniciosa
1527 1128 1702 1180 petunt,

328 1203 467 1249 neque
487 1186 605 1249 apud
624 1204 700 1232 cor
723 1203 867 1232 meum
893 1188 966 1232 cui
984 1187 1101 1232 testis
1121 1198 1183 1232 est
1203 1188 1317 1232 Deus
1331 1224 1342 1243 ‚
1371 1188 1506 1233 ausim
1531 1187 1673 1234 dicere
1690 1225 1701 1239 ‚

329 1257 509 1312 sentire,
537 1257 790 1307 decernere,
825 1256 1200 1302 interveniendum
1236 1274 1321 1302 esse
1344 1274 1425 1320 pro
1455 1257 1628 1321 aliquo,
1657 1269 1706 1304 ut

330 1327 449 1391 quod
468 1327 623 1373 scelere
646 1327 849 1383 abstulit,
882 1327 1049 1372 sceleris
1073 1328 1333 1390 impunitate
1357 1327 1574 1392 possideat
1596 1346 1606 1373 :
1630 1328 1704 1374 sed

327 1411 378 1445 ut
400 1400 573 1445 remissa
595 1399 786 1457 injuria,
811 1398 929 1461 quod
949 1398 1154 1457 injuriose
1179 1398 1357 1444 abstulit
1382 1398 1535 1444 reddat
1553 1419 1564 1452 ;
1585 1399 1619 1444 si
1642 1410 1705 1444 ta-

328 1486 428 1515 men
469 1468 607 1514 habet
645 1467 764 1530 quod
806 1468 1014 1524 abstulit,
1052 1468 1120 1513 vel
1158 1467 1277 1513 aliud
1312 1469 1426 1515 unde
1465 1469 1576 1515 illud
1610 1486 1703 1515 res—

329 1540 472 1585 tituat.

394 1612 562 1659 XXIII.
584 1611 682 1656 Non
702 1628 801 1656 sane
812 1610 1029 1674 quidquid
1048 1611 1103 1656 ab
1122 1610 1259 1656 invito
1275 1612 1477 1667 sumitur,
1498 1612 1703 1672 injuriose

329 1683 534 1730 aufertur.
561 1682 673 1727 Nam
692 1681 890 1744 plerique
908 1697 986 1726 nec
1004 1680 1173 1726 medico
1194 1681 1347 1726 volunt
1370 1681 1548 1727 reddere
1563 1682 1702 1728 hono-

325 1771 416 1800 rem
431 1769 558 1799 suum
576 1789 587 1807 ,
611 1768 690 1797 nec
707 1751 904 1814 operario
924 1750 1161 1796 mercedem
1182 1771 1192 1804 3
1215 1768 1295 1796 nec
1315 1762 1458 1797 tamen
1480 1751 1578 1798 haec
1593 1789 1604 1808 ‚
1624 1755 1702 1816 qui

328 1824 384 1869 ab
403 1823 542 1868 invito
569 1821 816 1884 accipiunt,
833 1838 912 1883 per
931 1821 1137 1879 injuriam
1163 1821 1412 1884 accipiunt,
1437 1838 1535 1884 quae
1554 1823 1701 1885 potius

325 1912 404 1958 per
441 1893 645 1953 injuriam
681 1910 767 1937 non
804 1892 1023 1938 darentur.
1066 1892 1147 1937 Sed
1180 1909 1264 1937 non
1295 1892 1392 1938 ideo
1419 1893 1548 1939 debet
1568 1894 1699 1952 judex

323 1964 509 2011 vendere
528 1967 694 2022 justum
713 1961 931 2021 judicium
948 1999 958 2016 ‚
978 1972 1051 2006 aut
1070 1962 1185 2006 testis
1208 1978 1358 2006 verum
1384 1963 1695 2020 testimonium,

322 2035 425 2098 quia
442 2032 593 2080 vendit
610 2031 845 2078 advocatus
859 2036 1028 2090 J'ustum
1047 2031 1341 2093 patrocinium
1365 2043 1405 2077 et
1418 2034 1699 2096 jurisperitus

321 2121 472 2150 verum
505 2103 748 2149 consilium.
787 2101 856 2146 llli
891 2101 1005 2146 enim
1036 2101 1148 2146 inter
1183 2111 1412 2164 utramque
1445 2113 1612 2165 partem
1643 2103 1698 2149 ad

321 2191 496 2221 examen
521 2173 788 2218 adhibentur
820 2190 830 2216 ι
860 2172 929 2217 isti
952 2188 998 2216 ex
1034 2188 1118 2216 una
1143 2183 1267 2234 parte
1290 2172 1548 2219 consistunt.
1581 2174 1698 2219 Cum

323 2256 465 2290 autem
493 2242 661 2303 judicia
681 2253 721 2287 et
743 2241 1008 2297 testimonia„
1036 2258 1135 2303 quae
1161 2258 1238 2286 nec
1256 2246 1370 2301 justa
1394 2253 1435 2288 et
1470 2261 1562 2288 vera
1586 2261 1695 2289 ven-

322 2314 464 2361 denda
488 2323 612 2368 sunt,
640 2313 788 2375 iniqua
812 2323 852 2356 et
875 2310 979 2356 falsa
999 2311 1266 2359 venduntur.
1299 2312 1434 2358 multo
1452 2313 1695 2359 sceleratius

320 2387 473 2448 utique
493 2383 679 2446 pecunia
703 2382 905 2437 sumitur,
940 2383 1043 2443 quia
1069 2381 1267 2426 scelerate
1293 2382 1421 2427 etiam
1455 2383 1652 2445 quamvis
1671 2400 1694 2428 a

319 2455 568 2503 volentibus
586 2453 731 2498 datur.
753 2451 831 2497 llle
849 2463 991 2497 tamen
1008 2451 1113 2497 solet
1135 2462 1338 2514 tanquam
1356 2452 1464 2498 male
1477 2453 1560 2498 sibi
1577 2452 1694 2499 abla-

318 2538 407 2573 tam
430 2524 663 2589 pecuniam
683 2533 874 2586 repetere
892 2559 903 2578 ,
923 2521 1177 2585 quiJustum
1194 2521 1411 2581 judicium
1432 2523 1561 2579 emit,
1584 2540 1692 2586 quo-

316 2598 434 2644 niam
452 2594 601 2644 venale
623 2610 709 2641 esse
725 2610 813 2640 non
832 2592 998 2639 debuit.
1026 2592 1113 2649 Qui
1139 2609 1239 2638 vero
1258 2609 1338 2655 pro
1355 2593 1505 2657 iniquo
1520 2592 1690 2653 judicio
