1799 3251
536 303 748 334 EPisTOLA
784 306 1007 339 cnxxxvn.
1375 302 1466 346 513

99 387 287 435 cumque
309 386 418 431 ergo
443 370 497 416 sit
515 369 742 433 paradisus
759 408 770 425 ,
796 373 991 437 quisquis
1020 377 1248 426 beatorum
1277 381 1341 427 ibi
1375 394 1438 428 est
1455 419 1467 439 ,

99 458 199 488 cum
224 442 299 488 illo
323 441 387 487 ibi
412 451 473 486 est
493 477 504 497 ,
532 441 609 503 qui
633 440 797 504 ubique
820 454 896 490 est.

166 513 289 559 VIII.
337 514 451 556 Cum
475 512 589 556 enim
616 511 670 557 sit
707 511 908 559 Christus
940 519 1057 563 Deus
1090 530 1131 563 et
1171 520 1330 576 homo,
1360 521 1475 567 Deus

101 581 250 646 utique
269 580 385 628 unde
410 581 516 628 dicit
536 618 546 636 ‚
569 602 589 622 c<
611 582 702 641 Ego
721 592 762 626 et
784 584 916 630 Pater
934 603 1070 632 unum
1083 590 1279 646 sumus1,
1302 613 1322 632 »
1341 591 1475 637 homo

102 664 243 699 autem
281 653 397 699 unde
436 653 569 709 dicit,
603 674 623 694 «
645 657 769 699 Pater
798 659 938 715 maj0r
967 675 1034 703 me
1073 668 1192 713 est2;
1218 684 1236 702 »
1272 662 1474 726 idemque

104 723 239 768 Filius
263 723 342 768 Dei
370 723 615 782 unigenitus
646 740 668 768 a
693 723 823 769 Patre
842 761 854 779 ,
895 737 938 771 et
964 726 1078 773 filius
1107 730 1297 776 hominis
1335 748 1383 776 ex
1415 750 1477 777 se-

100 794 218 840 mine
242 794 388 840 David
408 796 646 840 secundum
670 811 849 841 carnem
866 797 902 853 ³,
925 809 1160 863 utrumque
1180 803 1222 847 in
1241 803 1315 848 illo
1333 803 1477 849 obser-

99 865 296 911 vandum
328 875 390 910 est
421 881 522 910 cum
555 864 778 927 loquitur,
815 867 877 912 vel
918 885 1017 913 cum
1059 870 1113 916 de
1146 872 1221 917 illo
1253 873 1482 936 Scriptura

100 934 326 998 loquitur,
356 944 397 979 et
431 933 540 996 quid
578 934 821 980 secundum
855 937 964 1000 quid
991 938 1165 985 dicatur
1199 942 1473 989 intuendum.

102 1006 213 1051 Nam
239 1006 351 1051 sicut
383 1021 496 1050 unus
526 1004 662 1050 homo
688 1016 750 1051 est
777 1007 919 1052 anima
949 1009 1170 1056 rationalis
1193 1022 1234 1056 et
1257 1029 1358 1057 caro
1378 1050 1388 1067 ,
1421 1014 1482 1058 sic

101 1086 145 1120 et
163 1092 274 1121 unus
298 1074 497 1120 Christus
514 1085 575 1119 est
599 1074 793 1121 Verbum
817 1087 858 1121 et
883 1078 1031 1125 homo.
1064 1081 1255 1127 Proinde
1280 1082 1397 1145 quod
1423 1083 1477 1128 ad

100 1144 294 1190 Verbum
328 1144 508 1199 attinet,
552 1155 722 1190 creator
761 1157 823 1191 est
860 1147 1062 1194 Christus
1090 1170 1099 1195 ;
1137 1173 1156 1191 «
1185 1152 1344 1197 Omnia
1370 1153 1485 1198 enim

99 1236 120 1256 >2
140 1232 218 1277 per
238 1215 384 1277 ipsum
407 1213 522 1259 facta
539 1214 689 1259 sunt4.
714 1237 734 1256 >›
753 1215 886 1271 Quod
904 1234 1005 1263 vero
1027 1219 1080 1264 ad
1102 1220 1353 1273 hominum,
1368 1239 1488 1267 crea-

103 1296 172 1331 tus
195 1296 257 1331 est
278 1284 482 1330 Christus
506 1301 518 1328 :
544 1305 564 1326 <t
585 1285 743 1331 Factus
770 1297 832 1331 est
852 1287 966 1332 enim
987 1306 1033 1334 ex
1057 1291 1216 1336 semine
1248 1292 1391 1337 David
1417 1309 1491 1337 se-

104 1377 123 1397 »
137 1355 332 1401 cundum
353 1370 544 1408 carnem,
562 1354 659 1399 etin
676 1355 1004 1403 similitudinem
1023 1359 1254 1406 hominum
1272 1361 1412 1407 factus
1425 1362 1458 1409 ⁵.
1470 1384 1490 1403 »

104 1426 218 1470 Item
240 1425 342 1487 quia
366 1425 412 1469 in
436 1424 616 1469 homine
641 1424 730 1470 duo
759 1437 883 1480 sunt,
929 1429 1071 1474 anima
1095 1441 1137 1475 et
1157 1447 1257 1477 caro
1278 1469 1289 1486 ‚
1325 1449 1484 1478 secun-

94 1495 202 1541 dum
229 1496 420 1541 animam
452 1494 584 1539 tristis
616 1494 700 1540 fuit
733 1512 866 1559 usque
887 1497 942 1542 ad
968 1501 1181 1545 mortem6
1204 1538 1214 1557 ,
1241 1501 1484 1548 secundum

97 1582 270 1612 carnem
296 1581 446 1628 passus
469 1574 531 1609 est
553 1576 736 1610 mortem
778 1602 787 1612 .

164 1637 241 1682 IX.
285 1636 376 1680 Nec
411 1645 572 1689 tamen,
593 1651 697 1680 cum
719 1636 877 1682 Filium
900 1638 980 1683 Dei
1002 1638 1227 1685 Christum
1256 1640 1449 1687 dicimus
1470 1678 1482 1698 ‚

99 1707 322 1752 hominem
343 1721 591 1768 separamus
607 1741 618 1762 ‚
644 1716 719 1750 aut
742 1723 842 1752 cum
862 1708 1065 1754 eumdem
1086 1710 1316 1756 Christum
1336 1711 1477 1757 filium

98 1777 286 1823 hominis
305 1776 509 1832 dicimus,
524 1793 774 1839 separamus
795 1779 950 1825 Deum.
981 1779 1234 1825 Secundum
1250 1781 1476 1827 hominem

95 1863 285 1910 namque
311 1847 354 1892 in
381 1856 493 1891 terra
515 1856 625 1900 erat,
646 1862 734 1892 non
753 1847 797 1891 in
821 1848 936 1893 coelo
955 1848 1031 1893 ubi
1053 1865 1171 1895 nunc
1196 1861 1276 1904 est,
1298 1850 1478 1913 quando

97 1916 300 1972 dicebat,
337 1936 357 1957 «
378 1917 516 1962 Nemo
541 1915 733 1961 ascendit
756 1917 801 1962 in
833 1918 995 1963 coelum
1024 1955 1034 1969 ,
1063 1919 1144 1964 nisi
1172 1920 1248 1982 qui
1288 1920 1341 1965 de
1361 1920 1477 1966 coelo

97 2009 117 2030 >2
142 1986 367 2033 descendit
388 2023 398 2041 ‚
423 1986 537 2032 filius
557 1986 748 2032 hominis
774 1989 850 2050 qui
876 2000 939 2033 est
957 1989 1001 2033 in
1020 1989 1162 2035 coelo8
1186 2007 1196 2034 :
1233 1995 1469 2053 »quamvis

97 2057 334 2104 secundum
363 2056 409 2102 id
430 2057 552 2120 quod
573 2057 707 2102 Filius
730 2058 808 2102 Dei
833 2070 926 2103 erat
950 2070 1054 2105 esset
1079 2060 1125 2105 in
1151 2061 1264 2107 coelo
1282 2098 1291 2115 ‚
1313 2079 1472 2107 secun-

97 2130 203 2176 dum
230 2129 275 2174 id
304 2146 404 2175 vero
438 2129 558 2191 quod
595 2129 710 2175 filius
748 2129 937 2175 hominis
965 2142 1084 2187 erat,
1113 2131 1260 2178 adhuc
1284 2144 1390 2178 esset
1423 2134 1470 2179 in

99 2210 227 2255 terra,
256 2199 541 2261 nondumque
576 2199 832 2244 ascendisset
852 2199 896 2244 in
927 2200 1107 2246 coelum.
1137 2201 1345 2247 Similiter
1367 2220 1468 2248 cum

97 2269 338 2315 secundum
370 2268 415 2314 id
447 2268 566 2332 quod
600 2268 732 2314 Filius
768 2269 847 2313 Dei
868 2280 928 2314 est
958 2270 1011 2314 sit
1047 2270 1257 2316 Dominus
1285 2272 1434 2331 gloriae
1456 2309 1468 2328 ,

97 2339 337 2386 secundum
354 2339 400 2384 id
414 2349 559 2384 autem
580 2338 700 2402 quod
717 2349 779 2384 est
799 2339 912 2384 filius
929 2339 1118 2385 hominis
1132 2342 1363 2386 crucifixus
1384 2342 1437 2387 sit
1454 2363 1466 2395 ;

98 2410 158 2456 ait
183 2421 327 2456 tamen
357 2409 592 2473 Apostolus
608 2447 619 2468 ‚
645 2432 665 2452 ‹<
685 2410 730 2456 Si
756 2410 870 2456 enim
892 2410 1215 2470 cognovissent,
1243 2429 1467 2476 nunquam

147 2515 156 2537 ¹
187 2518 282 2548 Joan.
311 2528 343 2554 x,
370 2517 421 2548 30.
446 2534 489 2540 —
515 2514 594 2548 ²1d.
622 2528 689 2559 xiv,
709 2518 764 2548 28.
787 2512 861 2539 —3
884 2518 979 2546 Rom.
1012 2527 1042 2556 1,
1063 2519 1152 2547 3.—-
1175 2513 1187 2538 ⁴
1213 2519 1310 2548 Joan.
1328 2528 1356 2558 1,
1379 2520 1468 2548 3.—

98 2570 112 2594 5
132 2575 225 2606 Rom.
251 2584 282 2615 1,
303 2574 333 2603 3.
353 2589 398 2596 -
416 2569 432 2593 ⁶
447 2573 566 2607 Matth.
589 2584 678 2614 xxvi,
695 2575 750 2607 38.
765 2591 810 2597 —
825 2569 840 2593 ⁷
857 2574 930 2605 Act.
948 2581 999 2612 ni,
1027 2573 1080 2605 18.
1098 2570 1170 2596 -8
1186 2575 1280 2605 Joan.
1295 2584 1347 2610 ιιι,
1367 2576 1420 2606 ι3.

259 2651 418 2682 evaii.
1284 2635 1345 2682 33
