1799 3251
521 255 735 287 musrora
770 256 925 289 cxmn.
1369 240 1430 305 95

55 338 141 369 esse
158 339 247 370 non
266 331 416 387 potest.
442 324 608 377 Rursus
624 321 658 367 si
676 320 1017 368 manifestissime
1039 331 1253 384 certaeque
1270 322 1427 371 rationi

54 393 171 440 velut
192 395 517 458 Scripturarum
546 402 793 439 sanctarum
820 393 1027 453 objicitur
1050 393 1312 448 auctoritas;
1338 411 1425 440 non

52 464 268 526 intelligit,
285 465 360 529 qui
379 464 467 510 hoc
483 463 605 520 facit,
627 473 668 509 et
680 480 768 509 non
783 463 1109 527 Scripturarum
1128 463 1303 510 illarum
1322 481 1422 510 sen-

51 552 163 593 sum,
191 537 245 583 ad
259 554 389 602 quem
405 546 629 600 penetrare
645 552 732 580 non
755 535 918 598 potuit,
941 535 1014 581 sed
1037 552 1159 581 suum
1181 535 1325 599 potius
1343 535 1422 581 ob-

44 606 143 666 jicit
160 608 329 654 veritati
350 625 361 652 t
396 624 475 653 nec
499 605 618 670 quod
643 605 688 651 in
708 605 784 662 eiS,
817 605 890 651 sed
918 605 1036 670 quod
1058 606 1101 651 in
1122 623 1163 652 se
1186 606 1281 669 ipso
1302 605 1420 653 velut

48 694 131 740 pro
143 678 202 724 eis
219 678 400 733 invenit,
418 677 619 741 opponit.

112 748 234 795 VIII.
258 747 453 812 Exempli
469 747 603 808 gratia
628 764 638 791 :
664 746 891 806 diligenter
910 746 1080 792 attende
1107 746 1228 810 quod
1250 746 1409 795 dicam.

47 818 270 883 Scriptum
296 830 358 866 est
379 835 518 882 prope
543 819 673 863 finem
696 817 817 875 libri,
848 819 924 882 qui
947 829 1127 864 vocatur
1149 822 1196 863 E
1198 819 1418 864 cclesias-

45 900 128 947 tes,
152 907 253 937 cum
277 890 331 936 de
363 889 575 936 solutione
601 888 814 945 hominis,
845 905 944 951 quae
966 889 1017 934 fit
1041 905 1120 952 per
1148 899 1328 934 mortem
1354 889 1416 935 is-

46 970 151 1017 tam,
170 978 256 1025 qua
285 961 505 1007 dirimitur
527 960 666 1005 anima
691 978 723 1024 a.
739 976 938 1023 corpore,
967 959 1196 1023 Scriptura
1214 959 1436 1024 loquere-¹

42 1039 115 1075 tur
142 1048 153 1075 ε
186 1052 206 1073 <‹
237 1033 292 1077 Et
317 1040 597 1077 convertatur
630 1029 776 1093 pulvis
804 1030 849 1075 in
892 1040 1074 1086 terram,
1104 1030 1215 1075 sicut
1237 1029 1346 1084 fuit3
1374 1041 1415 1077 et

43 1101 250 1165 »spiritus
274 1112 514 1149 revertatur
532 1100 586 1147 ad
597 1102 755 1155 Deum,
771 1101 847 1165 qui
861 1100 980 1147 dedit
1000 1094 1140 1148 eum1.
1158 1101 1412 1150 »Sententia

40 1170 173 1232 hujus
191 1173 460 1220 auctoritatis
483 1172 641 1236 procul
656 1171 795 1218 dubio
814 1182 931 1218 certa
953 1181 1031 1228 est,
1055 1189 1132 1217 nec
1145 1188 1411 1236 quemquam

39 1241 423 1307 decipitfalsitate:
446 1243 518 1290 sed
533 1243 564 1289 si
575 1243 790 1307 quispiam
810 1242 995 1290 voluerit
1011 1260 1103 1288 eam
1124 1243 1183 1288 sic
1198 1244 1415 1307 interpre-

39 1313 137 1370 tari,
153 1315 310 1362 utinde
325 1316 566 1361 animarum
580 1314 864 1378 propaginem
876 1313 994 1377 quod
1012 1313 1144 1359 exilia
1162 1331 1265 1370 una,
1280 1330 1412 1377 quam

38 1385 152 1432 Deus
164 1386 306 1450 primo
326 1386 496 1433 homini
518 1386 656 1437 dedit,
676 1402 825 1432 omnes
843 1385 1208 1442 caeteraeveniant,
1231 1397 1413 1432 conetur

37 1467 251 1514 astruere3
285 1457 458 1505 videtur
480 1457 544 1502 illi
578 1456 818 1517 suffragari,
852 1455 1053 1519 quodibi
1078 1455 1132 1501 de
1155 1473 1283 1502 carne
1309 1456 1409 1502 dic-
1469 1489 1477 1493 -

36 1527 420 1593 tumjestpulveris
454 1529 644 1585 nomine,
676 1529 803 1578 (nam
832 1528 983 1591 utique
1003 1527 1147 1591 pulvis
1169 1539 1210 1574 et
1232 1528 1409 1592 spiritus

34 1598 145 1645 nihil
168 1599 286 1646 aliud
321 1600 517 1646 hocloco
534 1616 666 1663 quarn
688 1599 829 1645 anima
848 1609 888 1644 et
905 1615 1004 1644 caro
1038 1597 1333 1659 intelligitur),
1361 1610 1410 1645 ut

32 1687 82 1715 eo
100 1670 230 1717 modo
269 1670 450 1717 affirmet
491 1672 678 1717 animam
699 1670 853 1716 reverti
875 1669 929 1714 ad
952 1670 1109 1726 Deum,
1129 1669 1252 1732 quod
1271 1670 1325 1715 sit
1353 1670 1407 1715 de

33 1740 211 1788 traduce
248 1741 363 1788 illius
389 1741 564 1797 animae,
593 1758 724 1805 quam
748 1740 892 1804 primo
914 1739 1083 1785 homini
1120 1740 1241 1786 dedit
1264 1744 1401 1798 Deus,

31 1811 401 1874 quemadmodum
420 1812 691 1857 convertitur
709 1827 809 1857 caro
826 1810 1063 1866 interram,
1082 1827 1183 1856 cum
1198 1811 1251 1856 sit
1276 1812 1405 1858 etiam

29 1881 123 1945 ipsa
162 1882 215 1928 de
253 1882 432 1929 traduce
454 1882 568 1928 illius
592 1882 748 1937 carnis,
781 1898 881 1945 quae
921 1881 966 1926 in
994 1881 1138 1944 primo
1157 1881 1334 1929 homine
1353 1883 1406 1929 de

30 1962 141 1998 terra
159 1952 274 1999 facta
291 1964 376 1999 est:
395 1970 444 1999 ac
467 1953 526 1998 sic
547 1951 799 2008 contendat,
815 1970 862 1998 ex
872 1952 960 1997 hoc
972 1951 1091 2016 quod
1111 1952 1164 1997 de
1177 1969 1306 1999 carne
1319 1971 1403 1999 no-

28 2023 237 2070 tissimum
257 2035 332 2082 est,
347 2024 504 2070 debere
526 2041 603 2069 nos
625 2022 798 2069 credere
819 2022 930 2068 illud
951 2022 1069 2086 quod
1083 2022 1137 2068 de
1162 2024 1306 2069 anima
1327 2041 1406 2071 oc-

27 2094 194 2140 cultum
217 2105 292 2142 est.
329 2096 392 2140 De
428 2094 605 2140 traduce
647 2094 812 2156 quippe
847 2092 987 2138 carnis
1026 2109 1114 2138 non
1146 2094 1401 2154 ambigitur,

24 2164 97 2210 sed
123 2165 177 2211 de
195 2166 352 2212 animae
365 2164 617 2225 ambigitur.
643 2164 888 2227 Utrumque
907 2173 1048 2209 autem
1063 2163 1122 2208 ita
1137 2164 1328 2226 positum
1343 2177 1404 2212 est

22 2235 69 2281 in
91 2235 178 2282 hoc
218 2235 480 2290 testimonio,
506 2235 628 2281 velut
668 2233 832 2294 singula
872 2233 1048 2294 singulis
1064 2233 1195 2296 parili
1238 2236 1404 2282 ratione

21 2306 260 2353 reddantur
281 2325 291 2352 ε
319 2323 419 2352 caro
439 2305 604 2351 scilicet
629 2315 907 2351 convertatur
926 2305 971 2350 in
990 2315 1144 2349 terram
1163 2304 1274 2351 sicut
1290 2305 1400 2361 fuit3

20 2377 121 2423 inde
142 2378 255 2424 enim
283 2386 457 2440 sumpta
475 2387 536 2422 est
582 2375 760 2440 quando
786 2375 926 2420 factus
951 2385 1012 2420 est
1036 2375 1203 2438 primus
1223 2376 1357 2423 homo
1386 2396 1397 2424 ε

19 2459 61 2494 et
82 2448 258 2511 spiritus
286 2458 506 2493 reveratur
529 2446 584 2492 ad
615 2448 754 2492 Deum
774 2483 784 2502 ,
823 2446 899 2509 qui
937 2445 1057 2491 dedit
1076 2462 1193 2503 eum,
1221 2449 1398 2510 quando

17 2518 249 2565 insufflavit
268 2519 313 2564 in
328 2518 482 2565 faciem
496 2518 702 2577 hominis⁷
729 2534 859 2582 quem
882 2518 1075 2575 finxerat,
1096 2516 1251 2565 flatum
1272 2519 1392 2577 vitae,

65 2603 192 2635 ¹Eecle.
214 2613 276 2641 xix,
300 2613 330 2640 7.
