1799 3251
572 282 783 314 EPISTOLA
822 285 1012 315 cmxvn.
1394 271 1486 334 399

118 355 215 402 idco
237 354 393 401 dicunt
414 352 597 398 liberam
615 387 627 407 ‚
646 367 700 395 ne
723 361 922 413 quaerant
940 351 1261 404 Liberatorenu
1280 350 1376 397 ideo
1400 352 1488 397 sal-

118 443 216 472 vam
235 463 246 483 ‚
270 435 319 471 ut
342 422 609 486 superfluum
637 420 837 480 judicent
859 421 1136 467 Salvatorcni.
1169 421 1356 466 Tantum
1377 422 1491 467 enim

118 495 272 542 dicunt
314 494 526 541 valentem
547 530 557 549 ,
589 503 638 537 ut
671 491 757 537 suis
784 491 951 536 viribus
978 492 1107 536 seim-l
1136 492 1180 536 in
1211 492 1374 551 origine
1403 509 1493 537 suae

118 566 346 613 creationis
370 564 559 627 acceptis
578 601 588 619 ‚
618 563 751 626 possit
784 580 860 626 por
884 562 1069 608 liberum
1097 563 1323 608 arbitrium
1344 600 1355 617 ‚
1379 564 1491 608 nihil

118 637 298 683 ulterius
319 636 552 695 adjuvante
572 633 688 679 illius
707 633 841 694 gratia
856 633 931 696 qui
952 634 1138 687 creavit,
1162 633 1339 679 domare
1358 644 1400 679 et
1419 651 1491 679 cx·

123 710 314 767 tinguere
354 723 500 752 omncs
546 704 826 767 cupiditates,
874 704 1214 767 tentationesque
1252 721 1453 767 superare
1478 723 1488 750 ε

117 777 333 841 multique
351 794 498 822 eorum
516 776 742 834 insurgunt
759 774 981 819 adversum
999 791 1096 818 nos.
1118 785 1156 819 ot
1173 773 1324 819 dicunt
1339 775 1494 821 animae

117 859 276 894 nostrae
304 866 314 893 ε
343 869 361 888 «
383 848 479 892 Non
500 846 689 891 estsalus
707 845 768 891 illi
798 845 839 889 in
869 846 957 889 Deo
978 844 1109 903 ejus'l.
1140 867 1159 885 >2
1188 845 1368 891 Familia
1392 862 1492 905 ergo

120 918 285 963 Christi
301 934 401 981 quae
414 916 521 962 dicit
540 933 549 960 :
568 938 586 956 «
605 915 792 971 Quando
807 915 1005 959 infirmor
1022 951 1031 969 ,
1050 925 1094 959 tu
1104 932 1155 960 nc
1167 915 1286 961 fortis
1302 933 1396 961 sum
1409 917 1426 944 2
1443 936 1454 969 ;
1473 938 1493 958 ›>

119 998 160 1034 et
181 988 251 1033 cui
281 988 387 1033 dicit
416 987 628 1032 Dominus
647 989 736 1045 ejus
762 1003 772 1029 :
805 1007 821 1025 τι
853 984 975 1029 Salus
997 995 1065 1029 tna
1087 1002 1162 1044 ego
1188 985 1330 1042 5111113,
1349 1006 1368 1027 >2
1396 1003 1492 1032 sus-

121 1074 254 1121 penso
289 1056 421 1103 corde
445 1073 543 1101 cum
580 1056 732 1100 timore
751 1066 791 1100 et
811 1066 994 1100 tremore
1027 1055 1292 1114 adjutorium
1319 1056 1496 1102 Domini

121 1128 251 1174 etiam
274 1144 352 1191 per
373 1127 630 1172 charitatem
652 1136 738 1171 tuae
762 1124 1045 1171 venerationis
1061 1136 1270 1189 expectat.

187 1198 247 1244 ll.
274 1196 530 1242 Audivimus
553 1196 667 1240 enim
693 1212 778 1241 esse
802 1196 847 1240 in
869 1195 977 1240 urbe
1000 1196 1139 1241 Roma
1156 1234 1167 1253 ‚
1191 1197 1271 1243 ubi
1288 1196 1389 1243 illel*
1417 1196 1494 1243 diu

123 1268 256 1324 vixit,
293 1266 524 1313 nonnullos
547 1266 622 1329 qui
655 1265 832 1311 diversis
861 1266 998 1311 causis
1022 1268 1060 1311 ei
1085 1265 1284 1324 faveant,
1315 1267 1497 1331 quidam

125 1338 311 1393 scilicet,
330 1338 432 1401 quia
451 1337 509 1383 eis
527 1337 626 1382 talia
647 1337 901 1400 persuasisse
918 1337 1191 1399 perhibetur,
1214 1338 1360 1401 plures
1375 1355 1494 1394 vem,

126 1410 201 1473 qui
229 1426 325 1456 eum
355 1409 457 1454 talia
493 1409 648 1454 sentire
686 1425 769 1453 non
811 1407 1018 1461 credunt3
1052 1411 1291 1470 praesertim
1315 1410 1418 1473 quia
1451 1410 1496 1455 in

131 1480 332 1535 Oriente,
359 1478 439 1524 ubi
474 1477 619 1537 degit,
649 1477 807 1523 Gesta⁵
834 1477 1118 1523 ecclesiastica
1145 1477 1260 1525 facta
1289 1497 1374 1526 esse
1398 1483 1498 1540 jac-

133 1560 295 1605 tantur,
331 1549 493 1611 quibus
532 1558 717 1611 putatur
751 1565 836 1593 esse
872 1559 1083 1610 purgatus
1117 1565 1127 1593 :
1161 1549 1238 1594 ubi
1264 1549 1440 1613 quidem
1465 1549 1500 1594 si

131 1620 325 1683 episcopi
349 1635 446 1664 eum
471 1618 737 1663 catholicum
774 1618 1144 1680 pronuntiarunt,
1178 1636 1264 1664 non
1300 1620 1358 1665 ob
1384 1618 1503 1664 aliud

131 1691 296 1736 factum
320 1707 406 1736 esse
430 1688 695 1735 credendum
722 1700 808 1744 est,
836 1689 915 1733 nisi
933 1689 1035 1751 quia
1059 1707 1100 1734 se
1111 1689 1215 1735 dixit
1231 1691 1310 1736 Dei
1323 1691 1505 1750 gratiam

133 1762 331 1806 confiteri
352 1798 362 1816 ,
391 1770 432 1805 et
455 1759 512 1804 ita
540 1776 664 1822 posse
688 1759 910 1804 hominem
937 1776 1013 1804 suo
1042 1759 1192 1806 labore
1212 1778 1262 1806 ac
1287 1761 1509 1807 voluntate

129 1835 244 1891 juste
269 1831 415 1875 vivere
436 1867 444 1882 ,
475 1839 523 1874 ut
544 1829 597 1874 ad
622 1829 708 1873 hoc
737 1828 933 1887 adjuvari
955 1829 1031 1873 Dei
1050 1830 1183 1887 gratia
1207 1847 1295 1875 non
1313 1841 1499 1891 negaret.

138 1902 215 1946 ilis
232 1901 344 1945 enim
362 1899 520 1944 auditis
545 1899 688 1944 verbis
704 1936 714 1955 ,
742 1898 946 1944 catholici
965 1899 1171 1944 antistites
1189 1900 1356 1946 nullam
1377 1901 1507 1946 aliam

140 1971 215 2015 liei
235 1971 417 2030 gratiam
436 1969 672 2029 intelligere
691 1979 953 2032 potuerunt,
975 1968 1055 2013 nisi
1073 1986 1203 2031 quain
1223 1970 1268 2015 in
1286 1970 1410 2016 libris
1430 1971 1511 2017 Dei

138 2040 273 2100 legere
291 2076 302 2096 ,
319 2050 360 2085 et
378 2038 554 2102 populis
577 2039 655 2084 Dei
679 2038 922 2102 preeclicare
940 2050 1269 2088 consueverunt.
1302 2041 1409 2087 Eam
1428 2042 1511 2087 uti-

139 2127 223 2173 que
242 2110 295 2155 de
318 2127 404 2173 qua
427 2110 534 2155 dicit
560 2109 795 2173 Apostolus
818 2126 828 2153 z
851 2130 870 2149 «
892 2109 990 2153 Non
1009 2108 1173 2154 irritam
1199 2109 1313 2156 facio
1331 2112 1515 2172 gratiam

143 2202 162 2222 >2
187 2181 282 2228 Dei.
316 2181 425 2225 Nam
459 2180 492 2225 si
515 2197 594 2244 per
617 2182 772 2239 Legem
794 2178 963 2238 justitia
982 2215 993 2235 ,
1023 2196 1123 2239 ergo
1151 2180 1352 2227 Christus
1384 2182 1515 2243 gratis

144 2274 164 2293 ))
190 2261 386 2296 mortuus
406 2250 528 2296 est62
559 2272 578 2292 υ
606 2251 695 2295 sine
718 2249 855 2295 dubio
881 2249 1060 2308 gratiam
1076 2287 1086 2306 ‚
1115 2267 1201 2313 qua
1218 2252 1514 2310 Justificamur

146 2321 202 2367 ab
225 2321 476 2384 iniquitate,
508 2331 550 2366 et
571 2338 658 2384 qua
693 2320 912 2365 salvamur
938 2320 993 2364 ab
1018 2319 1296 2377 infirmitate3
1322 2340 1409 2369 non
1427 2340 1515 2388 qua

146 2393 278 2438 creati
304 2408 451 2436 sumus
484 2408 582 2437 cum
608 2391 787 2454 propria
812 2390 1051 2436 voluntate.
1083 2392 1192 2437 Nam
1219 2393 1253 2439 si
1281 2393 1518 2439 intellexis-

147 2473 241 2508 sent
261 2462 322 2507 illi
349 2462 543 2525 episcopi
567 2479 658 2508 eam
683 2461 805 2507 illum
832 2461 975 2506 dicere
1000 2461 1206 2521 gratiam,
1234 2480 1365 2526 quam
1390 2465 1519 2510 etiam

199 2563 208 2584 ¹
231 2562 310 2593 Psal.
330 2573 378 2598 ιιι,
395 2563 427 2597 3,
448 2579 493 2585 -—
511 2559 526 2582 2
542 2574 559 2592 2
583 2565 659 2594 Cor.
684 2572 742 2597 xix,
768 2573 816 2591 10.
835 2579 880 2584 —
897 2558 910 2582 3
932 2561 1010 2594 psal,
1034 2572 1144 2600 κυεῖν,
1166 2564 1197 2595 3.
1214 2580 1254 2586 —
1278 2559 1291 2583 ⁴
1308 2560 1460 2604 Pelagius.
1475 2578 1519 2588 —-

153 2607 409 2660 ⁵Di0<p0=itauae
428 2617 555 2661 synodi.
571 2634 614 2641 --
632 2615 646 2638 6
665 2618 768 2649 Galat.
788 2628 821 2655 ιι,
838 2628 891 2649 21.
