1799 3251
561 284 774 319 rmsrom
811 286 907 320 ext.
1376 275 1437 340 [49

63 350 217 413 glacies
241 353 483 409 resolvitur,
505 364 547 400 et
566 364 771 400 torrentes
790 353 952 410 fluunt,
980 352 1026 400 id
1051 363 1130 409 est,
1155 355 1344 418 peccatis
1364 372 1435 401 re-

64 424 217 479 missis,
239 424 393 488 populi
419 424 473 470 ad
499 425 724 471 Christum
765 424 976 471 charitate
995 436 1284 473 concurrunt.
1323 426 1438 472 Hinc

63 506 105 541 et
124 495 227 541 alibi
248 497 458 560 scriptum
479 507 540 542 θεῖ
567 515 577 542 :
605 517 626 538 α
652 496 776 542 Sicut
798 495 955 555 glacies
988 496 1031 542 in
1066 513 1230 553 screno,
1264 496 1324 543 ita
1349 496 1439 541 sol-

66 588 86 608 »
111 577 266 612 ventur
283 578 459 629 peccata
482 579 554 613 tua
578 567 608 616 1,
641 588 661 609 2>

128 637 240 682 LVI.
271 637 460 683 Proinde
479 638 699 684 rationalis
719 648 934 689 creatura,
963 638 1107 684 sivein
1133 638 1325 698 angelico
1346 639 1442 702 spi-

67 707 171 761 ritu,
196 709 281 752 sive
306 707 349 752 in
363 708 503 755 anima
528 709 742 764 humana,
760 709 818 754 ita
830 708 943 754 facta
966 718 1045 761 θεῖ,
1064 718 1113 754 ut
1137 709 1221 754 sibi
1246 709 1337 772 ipsa
1360 709 1440 754 bo-

65 794 189 830 num.¹
205 794 293 842 quo
312 777 435 823 beata
458 780 548 835 fiat,
573 797 659 825 esse
683 796 769 825 non
788 778 947 842 possit;
971 778 1044 824 sed
1066 779 1334 825 mutabilitas
1347 783 1439 839 eJus

64 850 96 895 si
111 859 388 896 convertatur
406 849 458 894 ad
476 850 834 896 incommutabile
850 850 1036 904 bonum,
1053 850 1128 896 fiat
1147 851 1301 896 beata:
1327 849 1444 896 unde

64 922 95 966 si
123 930 357 976 avertatur,
387 920 535 966 misera
560 932 633 968 θεῖ.
663 921 837 967 Aversio
853 924 940 980 ojus
959 921 1119 966 vitium
1143 925 1250 980 ejus,
1270 931 1311 967 et
1335 938 1445 967 con-

63 990 200 1037 versio
223 995 313 1050 eJ'us
338 990 472 1036 virtus
488 995 577 1051 ejus
595 1002 670 1038 est.
693 992 857 1037 Natura
870 1007 970 1050 ergo
994 1008 1083 1036 non
1106 1001 1167 1036 est
1184 991 1314 1048 mala,
1338 992 1441 1056 quia

63 1073 259 1107 creatura
301 1060 479 1124 spiritus
509 1061 596 1107 vita
626 1072 687 1108 θεῖ
716 1060 956 1116 rationalis,
986 1077 1086 1123 quae
1109 1062 1237 1106 etiam
1272 1062 1440 1124 privata

62 1132 179 1178 bono
193 1136 317 1192 cujus
330 1132 664 1195 participatione
676 1127 968 1188 beatificatur,
980 1131 1023 1176 id
1039 1142 1117 1185 est,
1134 1132 1260 1176 etiam
1274 1132 1441 1188 vitiosa,

64 1203 215 1248 melior
239 1213 299 1247 est
324 1219 372 1247 eo
391 1219 591 1265 corpore,
628 1201 746 1265 quod
767 1217 982 1246 summum
999 1202 1122 1246 estin
1158 1202 1437 1265 corporihuS,

63 1273 106 1319 id
133 1284 210 1329 est,
244 1272 328 1318 hac
348 1272 445 1318 luce
468 1289 568 1335 quae
598 1273 780 1318 sentitur
804 1271 939 1317 oculis
962 1272 1119 1326 carnis,
1161 1272 1263 1334 quia
1288 1273 1441 1335 etipsa

62 1355 123 1389 est
143 1359 304 1406 corpus
328 1359 338 1387 z
363 1343 479 1387 omni
495 1352 636 1388 autem
656 1357 840 1404 corpore
852 1340 1061 1403 quaelibet
1084 1341 1339 1403 incorporea
1368 1358 1442 1386 na-

65 1424 159 1461 tura
179 1413 458 1478 praestantior
481 1421 559 1467 est,
586 1428 675 1457 non
713 1410 840 1466 mole,
868 1410 972 1473 quia
1004 1411 1175 1455 nonnisi
1207 1427 1440 1474 corporum

62 1497 124 1532 est
140 1486 288 1542 moles,
307 1483 379 1531 sed
396 1484 434 1530 vi
457 1482 646 1546 quadam
665 1499 752 1546 qua
766 1480 1037 1545 supergredit
1054 1499 1090 1526 ir
1109 1498 1279 1527 omnem
1300 1481 1442 1545 phan-

64 1557 229 1612 tasiam,
259 1573 389 1619 quam
415 1553 583 1600 volutat
611 1553 778 1598 animus
800 1552 1000 1598 haustam
1029 1551 1082 1597 de
1106 1551 1300 1597 sensibus
1345 1569 1440 1598 cor-

63 1628 194 1691 poris.
215 1626 297 1672 Sed
319 1622 689 1689 quemadmodum
716 1623 759 1668 in
781 1622 884 1685 ipsis
901 1621 1162 1684 corporibus
1182 1639 1230 1667 ea
1252 1638 1352 1684 quae
1374 1622 1440 1667 in·

62 1697 214 1743 seriora
235 1706 350 1752 sunt,
373 1695 484 1741 sicut
505 1704 614 1739 terra
632 1703 674 1737 θῖ
700 1708 809 1754 aqua
837 1702 878 1735 et
903 1692 994 1753 ipse
1019 1695 1111 1745 a'er,
1130 1691 1306 1736 meliora
1325 1692 1439 1737 fiunt

62 1767 398 1831 participatione
413 1763 617 1817 melioris,
644 1761 783 1816 idest,
811 1778 908 1806 cum
931 1761 1028 1806 luce
1051 1760 1372 1817 illuminantur,
1393 1773 1434 1808 et

62 1838 228 1883 fervore
250 1846 501 1896 vegetantur
525 1851 536 1878 ε
575 1833 633 1878 sic
658 1831 929 1895 incorporeae
972 1842 1181 1877 creaturae
1206 1832 1437 1878 rationales

64 1909 198 1972 ipsius
212 1906 424 1953 Creatoris
451 1906 561 1950 fiunt
582 1902 918 1966 participatione
944 1901 1157 1957 meliores,
1183 1919 1281 1947 cum
1307 1902 1343 1948 ei
1367 1919 1438 1948 co-

63 1979 232 2024 bserent
271 1976 501 2041 purissima
543 1984 584 2019 et
628 1972 892 2018 sanctissima
937 1971 1175 2025 charitate3
1199 1989 1283 2036 qua
1321 1974 1438 2019 omni

63 2048 193 2093 inodo
215 2049 247 2094 si
267 2046 484 2094 caruerint
513 2043 835 2097 tenebrescunt,
861 2052 899 2087 et
921 2040 1220 2087 obdurescunt
1242 2042 1435 2105 quodam

63 2118 206 2166 modo.

127 2192 262 2237 mil.
295 2188 484 2235 Proinde
522 2186 717 2232 infideles
744 2185 942 2230 homines
967 2184 1156 2229 tenebrfe
1191 2195 1319 2239 sunt,
1359 2185 1435 2248 qui

63 2279 141 2326 per
164 2262 291 2307 sidem
318 2260 509 2305 conversi
536 2257 587 2303 ad
612 2259 768 2302 Deum.
790 2255 977 2318 quadam
1004 2254 1224 2316 praeniissa
1267 2255 1437 2301 illumi-

64 2334 236 2379 natione
266 2332 336 2377 lux
377 2331 503 2375 siunt.
537 2330 584 2372 ln
612 2344 696 2390 qua
726 2324 997 2389 proficiendo
1023 2341 1055 2369 ει
1079 2342 1128 2369 ex
1157 2324 1242 2370 fide
1268 2325 1321 2370 ad
1342 2343 1435 2391 spe-

64 2404 171 2449 ciem
193 2402 483 2467 pervenerint.
529 2408 576 2443 ut
598 2398 642 2442 id
660 2395 777 2459 quod
801 2395 984 2441 credunt
1009 2395 1134 2439 etiam
1164 2395 1432 2457 conspicere,

65 2475 175 2519 sicut
203 2484 369 2518 tantum
410 2471 574 2515 honum
611 2476 752 2531 potest
790 2464 1003 2527 conspici,
1043 2475 1303 2521 mereantur,
1330 2483 1436 2529 per-

65 2544 217 2590 fectam
238 2542 444 2606 recipient
460 2538 689 2598 imaginem
710 2536 803 2582 Dei.
836 2535 1015 2579 Talibus
1036 2534 1148 2580 enim
1173 2533 1281 2580 dicit
1302 2537 1436 2600 Apos-

114 2629 120 2650 ¹
143 2627 237 2658 isse-15.
260 2636 361 2658 1121—

227 2699 275 2723 1ᾏΧ
288 2698 331 2723 iY
344 2699 348 2723 i
363 2696 389 2723 Ι.
1282 2674 1310 2727 4
