<?xml version="1.0" encoding="UTF-8"?>
<!DOCTYPE html PUBLIC "-//W3C//DTD XHTML 1.0 Transitional//EN"
    "http://www.w3.org/TR/xhtml1/DTD/xhtml1-transitional.dtd">
<html xmlns="http://www.w3.org/1999/xhtml" xml:lang="en" lang="en">
 <head>
  <title>
</title>
<meta http-equiv="Content-Type" content="text/html;charset=utf-8" />
  <meta name='ocr-system' content='tesseract 3.04.00' />
  <meta name='ocr-capabilities' content='ocr_page ocr_carea ocr_par ocr_line ocrx_word'/>
</head>
<body>
  <div class='ocr_page' id='page_1' title='image "./operaomniaaccura40auguuoft/operaomniaaccura40auguuoft_0223.png"; bbox 0 0 1799 3251; ppageno 0'>
   <div class='ocr_carea' id='block_1_1' title="bbox 42 256 1448 2587">
    <p class='ocr_par' dir='ltr' id='par_1_1' title="bbox 72 256 1448 472">
     <span class='ocr_line' id='line_1_1' title="bbox 551 256 1448 301; baseline 0.001 -1"><span class='ocrx_word' id='word_1_1' title='bbox 551 270 762 300; x_wconf 70' lang='lat' dir='ltr'>ErisrorA</span> <span class='ocrx_word' id='word_1_2' title='bbox 797 270 922 300; x_wconf 78' lang='lat' dir='ltr'>cmii.</span> <span class='ocrx_word' id='word_1_3' title='bbox 1357 256 1448 301; x_wconf 80' lang='lat'>213</span> 
     </span>
     <span class='ocr_line' id='line_1_2' title="bbox 74 333 1445 399; baseline -0.001 -16"><span class='ocrx_word' id='word_1_4' title='bbox 74 336 137 382; x_wconf 89' lang='lat' dir='ltr'>sui</span> <span class='ocrx_word' id='word_1_5' title='bbox 154 336 282 382; x_wconf 83' lang='lat' dir='ltr'>officii</span> <span class='ocrx_word' id='word_1_6' title='bbox 305 335 536 399; x_wconf 81' lang='lat' dir='ltr'>pertinere,</span> <span class='ocrx_word' id='word_1_7' title='bbox 552 334 584 380; x_wconf 89' lang='lat' dir='ltr'>si</span> <span class='ocrx_word' id='word_1_8' title='bbox 601 333 705 398; x_wconf 90' lang='lat' dir='ltr'>quid</span> <span class='ocrx_word' id='word_1_9' title='bbox 721 351 818 393; x_wconf 79' lang='lat' dir='ltr'>erga</span> <span class='ocrx_word' id='word_1_10' title='bbox 836 351 904 379; x_wconf 86' lang='lat' dir='ltr'>eos</span> <span class='ocrx_word' id='word_1_11' title='bbox 917 333 1248 380; x_wconf 81' lang='lat' dir='ltr'>misericorditer</span> <span class='ocrx_word' id='word_1_12' title='bbox 1261 345 1445 394; x_wconf 77' lang='lat' dir='ltr'>agerent,</span> 
     </span>
     <span class='ocr_line' id='line_1_3' title="bbox 72 405 1375 472; baseline 0 -21"><span class='ocrx_word' id='word_1_13' title='bbox 72 424 257 472; x_wconf 89' lang='lat' dir='ltr'>quorum</span> <span class='ocrx_word' id='word_1_14' title='bbox 273 408 374 452; x_wconf 80' lang='lat' dir='ltr'>vitae</span> <span class='ocrx_word' id='word_1_15' title='bbox 392 407 595 470; x_wconf 79' lang='lat' dir='ltr'>necisque</span> <span class='ocrx_word' id='word_1_16' title='bbox 613 405 827 451; x_wconf 82' lang='lat' dir='ltr'>haberent</span> <span class='ocrx_word' id='word_1_17' title='bbox 845 405 1077 465; x_wconf 71' lang='lat' dir='ltr'>legitimam</span> <span class='ocrx_word' id='word_1_18' title='bbox 1103 416 1375 469; x_wconf 86' lang='lat' dir='ltr'>potestatem.</span> 
     </span>
    </p>

    <p class='ocr_par' dir='ltr' id='par_1_2' title="bbox 51 476 1446 2230">
     <span class='ocr_line' id='line_1_4' title="bbox 136 476 1445 523; baseline 0 0"><span class='ocrx_word' id='word_1_19' title='bbox 136 479 211 523; x_wconf 85' lang='lat' dir='ltr'>IX.</span> <span class='ocrx_word' id='word_1_20' title='bbox 243 479 352 523; x_wconf 83' lang='lat' dir='ltr'>Nam</span> <span class='ocrx_word' id='word_1_21' title='bbox 375 494 475 523; x_wconf 87' lang='lat' dir='ltr'>cum</span> <span class='ocrx_word' id='word_1_22' title='bbox 494 477 547 522; x_wconf 85' lang='lat' dir='ltr'>ad</span> <span class='ocrx_word' id='word_1_23' title='bbox 571 476 807 522; x_wconf 88' lang='lat' dir='ltr'>Dominum</span> <span class='ocrx_word' id='word_1_24' title='bbox 834 476 1059 522; x_wconf 82' lang='lat' dir='ltr'>Christum</span> <span class='ocrx_word' id='word_1_25' title='bbox 1081 476 1227 522; x_wconf 77' lang='lat' dir='ltr'>Judaei</span> <span class='ocrx_word' id='word_1_26' title='bbox 1247 477 1445 523; x_wconf 84' lang='lat' dir='ltr'>adduxis-</span> 
     </span>
     <span class='ocr_line' id='line_1_5' title="bbox 68 547 1445 612; baseline 0 -18"><span class='ocrx_word' id='word_1_27' title='bbox 68 559 162 594; x_wconf 85' lang='lat' dir='ltr'><strong>sent</strong></span> <span class='ocrx_word' id='word_1_28' title='bbox 181 548 402 594; x_wconf 88' lang='lat' dir='ltr'>mulierem</span> <span class='ocrx_word' id='word_1_29' title='bbox 423 548 468 594; x_wconf 89' lang='lat' dir='ltr'>in</span> <span class='ocrx_word' id='word_1_30' title='bbox 493 547 707 593; x_wconf 87' lang='lat' dir='ltr'>adulterio</span> <span class='ocrx_word' id='word_1_31' title='bbox 734 547 1115 609; x_wconf 71' lang='lat' dir='ltr'>comprehensam,</span> <span class='ocrx_word' id='word_1_32' title='bbox 1144 565 1327 612; x_wconf 86' lang='lat' dir='ltr'>eumque</span> <span class='ocrx_word' id='word_1_33' title='bbox 1347 559 1445 594; x_wconf 87' lang='lat' dir='ltr'>ten-</span> 
     </span>
     <span class='ocr_line' id='line_1_6' title="bbox 67 617 1444 680; baseline -0.001 -16"><span class='ocrx_word' id='word_1_34' title='bbox 67 629 204 664; x_wconf 87' lang='lat' dir='ltr'>tantes</span> <span class='ocrx_word' id='word_1_35' title='bbox 221 618 431 673; x_wconf 81' lang='lat' dir='ltr'>dicerent,</span> <span class='ocrx_word' id='word_1_36' title='bbox 461 617 579 680; x_wconf 82' lang='lat' dir='ltr'>quod</span> <span class='ocrx_word' id='word_1_37' title='bbox 595 621 712 677; x_wconf 80' lang='lat' dir='ltr'>jussa</span> <span class='ocrx_word' id='word_1_38' title='bbox 737 628 840 661; x_wconf 85' lang='lat' dir='ltr'>esset</span> <span class='ocrx_word' id='word_1_39' title='bbox 866 617 1198 679; x_wconf 81' lang='lat' dir='ltr'>Legelapidari,</span> <span class='ocrx_word' id='word_1_40' title='bbox 1221 635 1269 663; x_wconf 85' lang='lat' dir='ltr'>ac</span> <span class='ocrx_word' id='word_1_41' title='bbox 1286 617 1444 663; x_wconf 85' lang='lat' dir='ltr'>deinde</span> 
     </span>
     <span class='ocr_line' id='line_1_7' title="bbox 68 687 1441 752; baseline -0.001 -18"><span class='ocrx_word' id='word_1_42' title='bbox 68 699 311 752; x_wconf 85' lang='lat' dir='ltr'>quaererent</span> <span class='ocrx_word' id='word_1_43' title='bbox 342 689 449 752; x_wconf 88' lang='lat' dir='ltr'>quid</span> <span class='ocrx_word' id='word_1_44' title='bbox 474 688 526 733; x_wconf 85' lang='lat' dir='ltr'>de</span> <span class='ocrx_word' id='word_1_45' title='bbox 557 688 629 732; x_wconf 83' lang='lat' dir='ltr'>illa</span> <span class='ocrx_word' id='word_1_46' title='bbox 664 688 755 750; x_wconf 86' lang='lat' dir='ltr'>ipse</span> <span class='ocrx_word' id='word_1_47' title='bbox 779 687 1063 749; x_wconf 75' lang='lat' dir='ltr'>praeciperet3</span> <span class='ocrx_word' id='word_1_48' title='bbox 1090 687 1316 749; x_wconf 81' lang='lat' dir='ltr'>respondit</span> <span class='ocrx_word' id='word_1_49' title='bbox 1351 687 1441 732; x_wconf 88' lang='lat' dir='ltr'>eis:</span> 
     </span>
     <span class='ocr_line' id='line_1_8' title="bbox 66 757 1439 820; baseline -0.001 -16"><span class='ocrx_word' id='word_1_50' title='bbox 66 779 86 799; x_wconf 87' lang='lat'><strong><em>«</em></strong></span> <span class='ocrx_word' id='word_1_51' title='bbox 107 759 193 815; x_wconf 88' lang='lat' dir='ltr'>Qui</span> <span class='ocrx_word' id='word_1_52' title='bbox 213 760 302 804; x_wconf 85' lang='lat' dir='ltr'>sine</span> <span class='ocrx_word' id='word_1_53' title='bbox 332 769 508 820; x_wconf 83' lang='lat' dir='ltr'>peccato</span> <span class='ocrx_word' id='word_1_54' title='bbox 530 769 591 803; x_wconf 86' lang='lat' dir='ltr'>est</span> <span class='ocrx_word' id='word_1_55' title='bbox 611 769 819 813; x_wconf 79' lang='lat' dir='ltr'>vestrum,</span> <span class='ocrx_word' id='word_1_56' title='bbox 844 758 965 819; x_wconf 85' lang='lat' dir='ltr'>prior</span> <span class='ocrx_word' id='word_1_57' title='bbox 984 757 1026 802; x_wconf 89' lang='lat' dir='ltr'>in</span> <span class='ocrx_word' id='word_1_58' title='bbox 1049 774 1141 802; x_wconf 86' lang='lat' dir='ltr'>eam</span> <span class='ocrx_word' id='word_1_59' title='bbox 1163 757 1355 820; x_wconf 82' lang='lat' dir='ltr'>lapidem</span> <span class='ocrx_word' id='word_1_60' title='bbox 1371 761 1439 817; x_wconf 87' lang='lat' dir='ltr'>ja-</span> 
     </span>
     <span class='ocr_line' id='line_1_9' title="bbox 66 828 1446 891; baseline 0 -17"><span class='ocrx_word' id='word_1_61' title='bbox 66 849 87 870; x_wconf 85' lang='lat'>»</span> <span class='ocrx_word' id='word_1_62' title='bbox 114 829 243 875; x_wconf 72' lang='lat' dir='ltr'>eiat1.</span> <span class='ocrx_word' id='word_1_63' title='bbox 275 849 295 870; x_wconf 84' lang='lat'>»</span> <span class='ocrx_word' id='word_1_64' title='bbox 320 830 386 873; x_wconf 87' lang='lat' dir='ltr'>lta</span> <span class='ocrx_word' id='word_1_65' title='bbox 429 846 506 874; x_wconf 87' lang='lat' dir='ltr'>nec</span> <span class='ocrx_word' id='word_1_66' title='bbox 546 830 701 888; x_wconf 76' lang='lat' dir='ltr'>Legem</span> <span class='ocrx_word' id='word_1_67' title='bbox 733 828 1026 890; x_wconf 83' lang='lat' dir='ltr'>improbavit,</span> <span class='ocrx_word' id='word_1_68' title='bbox 1053 845 1154 891; x_wconf 80' lang='lat' dir='ltr'>quae</span> <span class='ocrx_word' id='word_1_69' title='bbox 1189 828 1446 887; x_wconf 87' lang='lat' dir='ltr'>hujusmodi</span> 
     </span>
     <span class='ocr_line' id='line_1_10' title="bbox 64 898 1443 959; baseline 0 -14"><span class='ocrx_word' id='word_1_70' title='bbox 64 900 297 959; x_wconf 83' lang='lat' dir='ltr'>reasjussit</span> <span class='ocrx_word' id='word_1_71' title='bbox 320 900 488 956; x_wconf 79' lang='lat' dir='ltr'>occidi3</span> <span class='ocrx_word' id='word_1_72' title='bbox 515 910 556 945; x_wconf 89' lang='lat' dir='ltr'>et</span> <span class='ocrx_word' id='word_1_73' title='bbox 579 900 675 945; x_wconf 82' lang='lat' dir='ltr'>illos</span> <span class='ocrx_word' id='word_1_74' title='bbox 705 899 905 945; x_wconf 87' lang='lat' dir='ltr'>terrendo</span> <span class='ocrx_word' id='word_1_75' title='bbox 929 898 984 944; x_wconf 91' lang='lat' dir='ltr'>ad</span> <span class='ocrx_word' id='word_1_76' title='bbox 1008 899 1348 944; x_wconf 83' lang='lat' dir='ltr'>misericordiam</span> <span class='ocrx_word' id='word_1_77' title='bbox 1367 917 1443 945; x_wconf 83' lang='lat' dir='ltr'>re·-</span> 
     </span>
     <span class='ocr_line' id='line_1_11' title="bbox 61 969 1443 1033; baseline 0.001 -19"><span class='ocrx_word' id='word_1_78' title='bbox 61 970 252 1025; x_wconf 84' lang='lat' dir='ltr'>vocavit,</span> <span class='ocrx_word' id='word_1_79' title='bbox 291 987 480 1033; x_wconf 88' lang='lat' dir='ltr'>quorum</span> <span class='ocrx_word' id='word_1_80' title='bbox 501 970 669 1029; x_wconf 79' lang='lat' dir='ltr'>judicio</span> <span class='ocrx_word' id='word_1_81' title='bbox 704 969 803 1014; x_wconf 77' lang='lat' dir='ltr'>haec</span> <span class='ocrx_word' id='word_1_82' title='bbox 825 980 969 1032; x_wconf 86' lang='lat' dir='ltr'>posset</span> <span class='ocrx_word' id='word_1_83' title='bbox 993 969 1151 1016; x_wconf 90' lang='lat' dir='ltr'>occidi.</span> <span class='ocrx_word' id='word_1_84' title='bbox 1185 971 1299 1016; x_wconf 90' lang='lat' dir='ltr'>Puto</span> <span class='ocrx_word' id='word_1_85' title='bbox 1323 969 1443 1033; x_wconf 92' lang='lat' dir='ltr'>quod</span> 
     </span>
     <span class='ocr_line' id='line_1_12' title="bbox 60 1039 1443 1103; baseline 0.001 -18"><span class='ocrx_word' id='word_1_86' title='bbox 60 1039 146 1085; x_wconf 86' lang='lat' dir='ltr'>hac</span> <span class='ocrx_word' id='word_1_87' title='bbox 169 1041 379 1086; x_wconf 84' lang='lat' dir='ltr'>sententia</span> <span class='ocrx_word' id='word_1_88' title='bbox 405 1041 582 1085; x_wconf 82' lang='lat' dir='ltr'>Domini</span> <span class='ocrx_word' id='word_1_89' title='bbox 619 1039 784 1095; x_wconf 85' lang='lat' dir='ltr'>audita,</span> <span class='ocrx_word' id='word_1_90' title='bbox 817 1041 850 1085; x_wconf 87' lang='lat' dir='ltr'>si</span> <span class='ocrx_word' id='word_1_91' title='bbox 870 1057 1060 1103; x_wconf 82' lang='lat' dir='ltr'>praesens</span> <span class='ocrx_word' id='word_1_92' title='bbox 1085 1040 1168 1085; x_wconf 87' lang='lat' dir='ltr'>fuit</span> <span class='ocrx_word' id='word_1_93' title='bbox 1188 1041 1317 1085; x_wconf 88' lang='lat' dir='ltr'>etiam</span> <span class='ocrx_word' id='word_1_94' title='bbox 1346 1058 1443 1086; x_wconf 82' lang='lat' dir='ltr'>ma-</span> 
     </span>
     <span class='ocr_line' id='line_1_13' title="bbox 60 1109 1443 1174; baseline 0.001 -19"><span class='ocrx_word' id='word_1_95' title='bbox 60 1109 168 1155; x_wconf 88' lang='lat' dir='ltr'>ritus</span> <span class='ocrx_word' id='word_1_96' title='bbox 191 1110 301 1174; x_wconf 88' lang='lat' dir='ltr'>ipse,</span> <span class='ocrx_word' id='word_1_97' title='bbox 328 1112 405 1174; x_wconf 89' lang='lat' dir='ltr'>qui</span> <span class='ocrx_word' id='word_1_98' title='bbox 425 1111 625 1156; x_wconf 81' lang='lat' dir='ltr'>violatam</span> <span class='ocrx_word' id='word_1_99' title='bbox 657 1111 723 1155; x_wconf 91' lang='lat' dir='ltr'>sui</span> <span class='ocrx_word' id='word_1_100' title='bbox 751 1110 868 1155; x_wconf 87' lang='lat' dir='ltr'>thori</span> <span class='ocrx_word' id='word_1_101' title='bbox 887 1110 1016 1155; x_wconf 87' lang='lat' dir='ltr'>fidem</span> <span class='ocrx_word' id='word_1_102' title='bbox 1045 1110 1259 1156; x_wconf 86' lang='lat' dir='ltr'>vindicari</span> <span class='ocrx_word' id='word_1_103' title='bbox 1284 1122 1443 1174; x_wconf 80' lang='lat' dir='ltr'>postu-</span> 
     </span>
     <span class='ocr_line' id='line_1_14' title="bbox 59 1180 1442 1244; baseline 0.002 -19"><span class='ocrx_word' id='word_1_104' title='bbox 59 1180 205 1237; x_wconf 86' lang='lat' dir='ltr'>labat,</span> <span class='ocrx_word' id='word_1_105' title='bbox 239 1182 462 1227; x_wconf 82' lang='lat' dir='ltr'>exterritus</span> <span class='ocrx_word' id='word_1_106' title='bbox 508 1182 702 1227; x_wconf 87' lang='lat' dir='ltr'>animum</span> <span class='ocrx_word' id='word_1_107' title='bbox 744 1180 797 1226; x_wconf 83' lang='lat' dir='ltr'>ad</span> <span class='ocrx_word' id='word_1_108' title='bbox 832 1180 1099 1227; x_wconf 85' lang='lat' dir='ltr'>voluntatem</span> <span class='ocrx_word' id='word_1_109' title='bbox 1137 1182 1349 1244; x_wconf 81' lang='lat' dir='ltr'>parcendi</span> <span class='ocrx_word' id='word_1_110' title='bbox 1385 1183 1442 1228; x_wconf 86' lang='lat' dir='ltr'>ab</span> 
     </span>
     <span class='ocr_line' id='line_1_15' title="bbox 60 1251 1444 1315; baseline 0.001 -19"><span class='ocrx_word' id='word_1_111' title='bbox 60 1251 298 1297; x_wconf 86' lang='lat' dir='ltr'>ulciscendi</span> <span class='ocrx_word' id='word_1_112' title='bbox 341 1252 584 1315; x_wconf 85' lang='lat' dir='ltr'>cupiditate</span> <span class='ocrx_word' id='word_1_113' title='bbox 618 1252 803 1297; x_wconf 85' lang='lat' dir='ltr'>deflexit.</span> <span class='ocrx_word' id='word_1_114' title='bbox 846 1253 956 1297; x_wconf 82' lang='lat' dir='ltr'>Nam</span> <span class='ocrx_word' id='word_1_115' title='bbox 986 1253 1207 1315; x_wconf 88' lang='lat' dir='ltr'>quomodo</span> <span class='ocrx_word' id='word_1_116' title='bbox 1252 1270 1338 1298; x_wconf 89' lang='lat' dir='ltr'>non</span> <span class='ocrx_word' id='word_1_117' title='bbox 1382 1263 1444 1298; x_wconf 86' lang='lat' dir='ltr'>est</span> 
     </span>
     <span class='ocr_line' id='line_1_16' title="bbox 58 1321 1437 1385; baseline 0.002 -20"><span class='ocrx_word' id='word_1_118' title='bbox 58 1321 308 1367; x_wconf 89' lang='lat' dir='ltr'>admonitus</span> <span class='ocrx_word' id='word_1_119' title='bbox 342 1333 597 1377; x_wconf 86' lang='lat' dir='ltr'>accusator,</span> <span class='ocrx_word' id='word_1_120' title='bbox 636 1339 689 1367; x_wconf 85' lang='lat' dir='ltr'>ne</span> <span class='ocrx_word' id='word_1_121' title='bbox 732 1338 828 1367; x_wconf 90' lang='lat' dir='ltr'>suas</span> <span class='ocrx_word' id='word_1_122' title='bbox 869 1332 1196 1385; x_wconf 80' lang='lat' dir='ltr'>persequeretur</span> <span class='ocrx_word' id='word_1_123' title='bbox 1229 1323 1437 1382; x_wconf 83' lang='lat' dir='ltr'>injurias;</span> 
     </span>
     <span class='ocr_line' id='line_1_17' title="bbox 56 1392 1438 1456; baseline 0.002 -19"><span class='ocrx_word' id='word_1_124' title='bbox 56 1392 233 1455; x_wconf 84' lang='lat' dir='ltr'>quando</span> <span class='ocrx_word' id='word_1_125' title='bbox 247 1392 330 1456; x_wconf 88' lang='lat' dir='ltr'>ipsi</span> <span class='ocrx_word' id='word_1_126' title='bbox 350 1393 520 1452; x_wconf 82' lang='lat' dir='ltr'>jndices</span> <span class='ocrx_word' id='word_1_127' title='bbox 541 1394 598 1438; x_wconf 88' lang='lat' dir='ltr'>ita</span> <span class='ocrx_word' id='word_1_128' title='bbox 621 1403 721 1437; x_wconf 86' lang='lat' dir='ltr'>sunt</span> <span class='ocrx_word' id='word_1_129' title='bbox 754 1410 774 1436; x_wconf 87' lang='lat' dir='ltr'>a</span> <span class='ocrx_word' id='word_1_130' title='bbox 810 1392 1077 1437; x_wconf 86' lang='lat' dir='ltr'>vindicando</span> <span class='ocrx_word' id='word_1_131' title='bbox 1098 1393 1333 1456; x_wconf 83' lang='lat' dir='ltr'>prohibiti,</span> <span class='ocrx_word' id='word_1_132' title='bbox 1361 1394 1438 1456; x_wconf 90' lang='lat' dir='ltr'>qui</span> 
     </span>
     <span class='ocr_line' id='line_1_18' title="bbox 56 1461 1436 1527; baseline 0.001 -19"><span class='ocrx_word' id='word_1_133' title='bbox 56 1462 99 1508; x_wconf 90' lang='lat' dir='ltr'>in</span> <span class='ocrx_word' id='word_1_134' title='bbox 125 1462 321 1508; x_wconf 84' lang='lat' dir='ltr'>adultera</span> <span class='ocrx_word' id='word_1_135' title='bbox 352 1463 595 1527; x_wconf 81' lang='lat' dir='ltr'>punienda,</span> <span class='ocrx_word' id='word_1_136' title='bbox 623 1480 708 1508; x_wconf 92' lang='lat' dir='ltr'>non</span> <span class='ocrx_word' id='word_1_137' title='bbox 736 1462 909 1524; x_wconf 81' lang='lat' dir='ltr'>privato</span> <span class='ocrx_word' id='word_1_138' title='bbox 939 1461 1080 1508; x_wconf 87' lang='lat' dir='ltr'>dolori</span> <span class='ocrx_word' id='word_1_139' title='bbox 1110 1463 1436 1526; x_wconf 85' lang='lat' dir='ltr'>compelleban-</span> 
     </span>
     <span class='ocr_line' id='line_1_19' title="bbox 55 1533 1436 1596; baseline 0.002 -18"><span class='ocrx_word' id='word_1_140' title='bbox 55 1543 127 1579; x_wconf 86' lang='lat' dir='ltr'>tur</span> <span class='ocrx_word' id='word_1_141' title='bbox 141 1535 314 1591; x_wconf 88' lang='lat' dir='ltr'>servire,</span> <span class='ocrx_word' id='word_1_142' title='bbox 341 1534 413 1579; x_wconf 89' lang='lat' dir='ltr'>sed</span> <span class='ocrx_word' id='word_1_143' title='bbox 437 1535 570 1594; x_wconf 67' lang='lat' dir='ltr'>Legi?</span> <span class='ocrx_word' id='word_1_144' title='bbox 597 1534 721 1579; x_wconf 86' lang='lat' dir='ltr'>Unde</span> <span class='ocrx_word' id='word_1_145' title='bbox 738 1533 904 1596; x_wconf 77' lang='lat' dir='ltr'>Joseph</span> <span class='ocrx_word' id='word_1_146' title='bbox 926 1534 996 1580; x_wconf 85' lang='lat' dir='ltr'>cui</span> <span class='ocrx_word' id='word_1_147' title='bbox 1022 1534 1144 1595; x_wconf 82' lang='lat' dir='ltr'>virgo</span> <span class='ocrx_word' id='word_1_148' title='bbox 1168 1535 1305 1580; x_wconf 78' lang='lat' dir='ltr'>Maria</span> <span class='ocrx_word' id='word_1_149' title='bbox 1341 1537 1436 1581; x_wconf 85' lang='lat' dir='ltr'>Do·-</span> 
     </span>
     <span class='ocr_line' id='line_1_20' title="bbox 54 1604 1436 1668; baseline 0.002 -20"><span class='ocrx_word' id='word_1_150' title='bbox 54 1604 315 1651; x_wconf 86' lang='lat' dir='ltr'>minimater</span> <span class='ocrx_word' id='word_1_151' title='bbox 336 1604 476 1651; x_wconf 83' lang='lat' dir='ltr'>fuerat</span> <span class='ocrx_word' id='word_1_152' title='bbox 507 1604 783 1668; x_wconf 86' lang='lat' dir='ltr'>desponsata,</span> <span class='ocrx_word' id='word_1_153' title='bbox 814 1621 912 1649; x_wconf 89' lang='lat' dir='ltr'>cum</span> <span class='ocrx_word' id='word_1_154' title='bbox 935 1621 1027 1649; x_wconf 86' lang='lat' dir='ltr'>eam</span> <span class='ocrx_word' id='word_1_155' title='bbox 1057 1605 1336 1668; x_wconf 83' lang='lat' dir='ltr'>comperisset</span> <span class='ocrx_word' id='word_1_156' title='bbox 1349 1622 1436 1651; x_wconf 83' lang='lat' dir='ltr'>esse</span> 
     </span>
     <span class='ocr_line' id='line_1_21' title="bbox 54 1675 1435 1736; baseline 0.001 -17"><span class='ocrx_word' id='word_1_157' title='bbox 54 1685 369 1736; x_wconf 54' lang='lat' dir='ltr'>praegnantem,</span> <span class='ocrx_word' id='word_1_158' title='bbox 401 1675 472 1720; x_wconf 93' lang='lat' dir='ltr'>cui</span> <span class='ocrx_word' id='word_1_159' title='bbox 496 1692 537 1720; x_wconf 92' lang='lat' dir='ltr'>se</span> <span class='ocrx_word' id='word_1_160' title='bbox 573 1684 753 1720; x_wconf 83' lang='lat' dir='ltr'>noverat</span> <span class='ocrx_word' id='word_1_161' title='bbox 778 1690 861 1719; x_wconf 88' lang='lat' dir='ltr'>non</span> <span class='ocrx_word' id='word_1_162' title='bbox 888 1691 974 1718; x_wconf 83' lang='lat' dir='ltr'>esse</span> <span class='ocrx_word' id='word_1_163' title='bbox 994 1675 1295 1731; x_wconf 80' lang='lat' dir='ltr'>commixtum,</span> <span class='ocrx_word' id='word_1_164' title='bbox 1316 1686 1356 1720; x_wconf 91' lang='lat' dir='ltr'>et</span> <span class='ocrx_word' id='word_1_165' title='bbox 1377 1677 1435 1721; x_wconf 90' lang='lat' dir='ltr'>ob</span> 
     </span>
     <span class='ocr_line' id='line_1_22' title="bbox 53 1743 1434 1809; baseline 0.001 -20"><span class='ocrx_word' id='word_1_166' title='bbox 53 1744 139 1790; x_wconf 84' lang='lat' dir='ltr'>hoc</span> <span class='ocrx_word' id='word_1_167' title='bbox 160 1745 239 1790; x_wconf 89' lang='lat' dir='ltr'>nisi</span> <span class='ocrx_word' id='word_1_168' title='bbox 254 1745 370 1791; x_wconf 85' lang='lat' dir='ltr'>aliud</span> <span class='ocrx_word' id='word_1_169' title='bbox 383 1762 516 1809; x_wconf 84' lang='lat' dir='ltr'>quam</span> <span class='ocrx_word' id='word_1_170' title='bbox 532 1744 771 1789; x_wconf 86' lang='lat' dir='ltr'>adulteram</span> <span class='ocrx_word' id='word_1_171' title='bbox 793 1743 1072 1797; x_wconf 83' lang='lat' dir='ltr'>credidisset3</span> <span class='ocrx_word' id='word_1_172' title='bbox 1105 1746 1254 1807; x_wconf 82' lang='lat' dir='ltr'>puniri</span> <span class='ocrx_word' id='word_1_173' title='bbox 1289 1756 1434 1790; x_wconf 79' lang='lat' dir='ltr'>tamen</span> 
     </span>
     <span class='ocr_line' id='line_1_23' title="bbox 53 1812 1435 1878; baseline 0.001 -19"><span class='ocrx_word' id='word_1_174' title='bbox 53 1832 143 1860; x_wconf 87' lang='lat' dir='ltr'>cam</span> <span class='ocrx_word' id='word_1_175' title='bbox 160 1814 317 1872; x_wconf 85' lang='lat' dir='ltr'>noluit,</span> <span class='ocrx_word' id='word_1_176' title='bbox 341 1832 420 1861; x_wconf 86' lang='lat' dir='ltr'>nec</span> <span class='ocrx_word' id='word_1_177' title='bbox 445 1815 715 1878; x_wconf 83' lang='lat' dir='ltr'>approbator</span> <span class='ocrx_word' id='word_1_178' title='bbox 735 1814 884 1873; x_wconf 83' lang='lat' dir='ltr'>flagitii</span> <span class='ocrx_word' id='word_1_179' title='bbox 907 1812 1004 1860; x_wconf 85' lang='lat' dir='ltr'>fuit.</span> <span class='ocrx_word' id='word_1_180' title='bbox 1032 1815 1141 1859; x_wconf 79' lang='lat' dir='ltr'>Nam</span> <span class='ocrx_word' id='word_1_181' title='bbox 1168 1814 1265 1860; x_wconf 78' lang='lat' dir='ltr'>haec</span> <span class='ocrx_word' id='word_1_182' title='bbox 1282 1815 1435 1861; x_wconf 83' lang='lat' dir='ltr'>volun·</span> 
     </span>
     <span class='ocr_line' id='line_1_24' title="bbox 54 1884 1434 1949; baseline 0.001 -20"><span class='ocrx_word' id='word_1_183' title='bbox 54 1895 115 1930; x_wconf 89' lang='lat' dir='ltr'>tas</span> <span class='ocrx_word' id='word_1_184' title='bbox 132 1889 222 1944; x_wconf 71' lang='lat' dir='ltr'>ejus</span> <span class='ocrx_word' id='word_1_185' title='bbox 237 1886 362 1931; x_wconf 86' lang='lat' dir='ltr'>etiam</span> <span class='ocrx_word' id='word_1_186' title='bbox 383 1886 558 1947; x_wconf 85' lang='lat' dir='ltr'>justitiae</span> <span class='ocrx_word' id='word_1_187' title='bbox 571 1884 825 1947; x_wconf 82' lang='lat' dir='ltr'>deputatur.</span> <span class='ocrx_word' id='word_1_188' title='bbox 854 1884 916 1928; x_wconf 83' lang='lat' dir='ltr'>Ita</span> <span class='ocrx_word' id='word_1_189' title='bbox 935 1885 1102 1946; x_wconf 77' lang='lat' dir='ltr'>quippe</span> <span class='ocrx_word' id='word_1_190' title='bbox 1124 1884 1177 1929; x_wconf 88' lang='lat' dir='ltr'>de</span> <span class='ocrx_word' id='word_1_191' title='bbox 1194 1884 1269 1930; x_wconf 87' lang='lat' dir='ltr'>illo</span> <span class='ocrx_word' id='word_1_192' title='bbox 1291 1886 1434 1949; x_wconf 78' lang='lat' dir='ltr'>scrip-</span> 
     </span>
     <span class='ocr_line' id='line_1_25' title="bbox 53 1954 1431 2016; baseline 0.001 -16"><span class='ocrx_word' id='word_1_193' title='bbox 53 1966 143 2000; x_wconf 85' lang='lat' dir='ltr'>tum</span> <span class='ocrx_word' id='word_1_194' title='bbox 170 1973 179 2000; x_wconf 90' lang='lat'><strong>:</strong></span> <span class='ocrx_word' id='word_1_195' title='bbox 200 1977 218 1995; x_wconf 67' lang='lat' dir='ltr'>r&lt;</span> <span class='ocrx_word' id='word_1_196' title='bbox 243 1957 411 2002; x_wconf 83' lang='lat' dir='ltr'>Etcum</span> <span class='ocrx_word' id='word_1_197' title='bbox 432 1965 537 2001; x_wconf 85' lang='lat' dir='ltr'>esset</span> <span class='ocrx_word' id='word_1_198' title='bbox 554 1955 854 2013; x_wconf 81' lang='lat' dir='ltr'>homojustus,</span> <span class='ocrx_word' id='word_1_199' title='bbox 871 1965 911 1999; x_wconf 82' lang='lat' dir='ltr'>ct</span> <span class='ocrx_word' id='word_1_200' title='bbox 932 1954 1064 1999; x_wconf 83' lang='lat' dir='ltr'>nollet</span> <span class='ocrx_word' id='word_1_201' title='bbox 1079 1972 1169 1999; x_wconf 88' lang='lat' dir='ltr'>eam</span> <span class='ocrx_word' id='word_1_202' title='bbox 1188 1954 1431 2016; x_wconf 73' lang='lat' dir='ltr'>divulgare,</span> 
     </span>
     <span class='ocr_line' id='line_1_26' title="bbox 54 2025 1433 2090; baseline 0.001 -20"><span class='ocrx_word' id='word_1_203' title='bbox 54 2048 72 2066; x_wconf 86' lang='lat'>»</span> <span class='ocrx_word' id='word_1_204' title='bbox 99 2027 247 2072; x_wconf 82' lang='lat' dir='ltr'>statuit</span> <span class='ocrx_word' id='word_1_205' title='bbox 261 2044 354 2072; x_wconf 86' lang='lat' dir='ltr'>eam</span> <span class='ocrx_word' id='word_1_206' title='bbox 386 2026 556 2072; x_wconf 85' lang='lat' dir='ltr'>occulte</span> <span class='ocrx_word' id='word_1_207' title='bbox 578 2025 811 2071; x_wconf 85' lang='lat' dir='ltr'>dimittere.</span> <span class='ocrx_word' id='word_1_208' title='bbox 840 2025 949 2070; x_wconf 77' lang='lat' dir='ltr'>Haec</span> <span class='ocrx_word' id='word_1_209' title='bbox 974 2042 1023 2070; x_wconf 90' lang='lat' dir='ltr'>eo</span> <span class='ocrx_word' id='word_1_210' title='bbox 1044 2026 1261 2085; x_wconf 84' lang='lat' dir='ltr'>cogitante</span> <span class='ocrx_word' id='word_1_211' title='bbox 1289 2044 1433 2090; x_wconf 82' lang='lat' dir='ltr'>appa-</span> 
     </span>
     <span class='ocr_line' id='line_1_27' title="bbox 55 2095 1434 2160; baseline 0.001 -19"><span class='ocrx_word' id='word_1_212' title='bbox 55 2119 73 2136; x_wconf 80' lang='lat'>»</span> <span class='ocrx_word' id='word_1_213' title='bbox 102 2097 188 2142; x_wconf 87' lang='lat' dir='ltr'>ruit</span> <span class='ocrx_word' id='word_1_214' title='bbox 215 2096 278 2143; x_wconf 84' lang='lat' dir='ltr'>illi</span> <span class='ocrx_word' id='word_1_215' title='bbox 305 2096 578 2157; x_wconf 69' lang='lat' dir='ltr'>Angelus²‚›&gt;</span> <span class='ocrx_word' id='word_1_216' title='bbox 596 2096 672 2159; x_wconf 92' lang='lat' dir='ltr'>qui</span> <span class='ocrx_word' id='word_1_217' title='bbox 697 2095 870 2141; x_wconf 83' lang='lat' dir='ltr'>doceret</span> <span class='ocrx_word' id='word_1_218' title='bbox 887 2112 973 2140; x_wconf 86' lang='lat' dir='ltr'>esse</span> <span class='ocrx_word' id='word_1_219' title='bbox 991 2096 1204 2154; x_wconf 76' lang='lat' dir='ltr'>numinis,</span> <span class='ocrx_word' id='word_1_220' title='bbox 1231 2096 1349 2160; x_wconf 85' lang='lat' dir='ltr'>quod</span> <span class='ocrx_word' id='word_1_221' title='bbox 1364 2096 1434 2143; x_wconf 89' lang='lat' dir='ltr'>ille</span> 
     </span>
     <span class='ocr_line' id='line_1_28' title="bbox 51 2168 501 2230; baseline 0.009 -20"><span class='ocrx_word' id='word_1_222' title='bbox 51 2179 280 2230; x_wconf 82' lang='lat' dir='ltr'>putaverat</span> <span class='ocrx_word' id='word_1_223' title='bbox 293 2168 501 2214; x_wconf 82' lang='lat' dir='ltr'>criminis.</span> 
     </span>
    </p>

    <p class='ocr_par' dir='ltr' id='par_1_3' title="bbox 42 2237 1434 2587">
     <span class='ocr_line' id='line_1_29' title="bbox 116 2237 1434 2298; baseline 0.005 -15"><span class='ocrx_word' id='word_1_224' title='bbox 116 2240 170 2284; x_wconf 80' lang='lat' dir='ltr'>X.</span> <span class='ocrx_word' id='word_1_225' title='bbox 199 2238 244 2283; x_wconf 80' lang='lat' dir='ltr'>Si</span> <span class='ocrx_word' id='word_1_226' title='bbox 264 2254 365 2298; x_wconf 82' lang='lat' dir='ltr'>ergo</span> <span class='ocrx_word' id='word_1_227' title='bbox 391 2238 581 2297; x_wconf 80' lang='lat' dir='ltr'>cogitata</span> <span class='ocrx_word' id='word_1_228' title='bbox 606 2237 859 2284; x_wconf 84' lang='lat' dir='ltr'>infirmitate</span> <span class='ocrx_word' id='word_1_229' title='bbox 880 2239 1124 2296; x_wconf 84' lang='lat' dir='ltr'>communi,</span> <span class='ocrx_word' id='word_1_230' title='bbox 1147 2249 1189 2285; x_wconf 86' lang='lat' dir='ltr'>et</span> <span class='ocrx_word' id='word_1_231' title='bbox 1210 2255 1434 2289; x_wconf 87' lang='lat' dir='ltr'>accusato-</span> 
     </span>
     <span class='ocr_line' id='line_1_30' title="bbox 48 2308 1430 2373; baseline 0.005 -20"><span class='ocrx_word' id='word_1_232' title='bbox 48 2308 138 2354; x_wconf 86' lang='lat' dir='ltr'>rius</span> <span class='ocrx_word' id='word_1_233' title='bbox 157 2308 300 2363; x_wconf 85' lang='lat' dir='ltr'>dolor,</span> <span class='ocrx_word' id='word_1_234' title='bbox 328 2308 666 2368; x_wconf 83' lang='lat' dir='ltr'>etjudicatorius</span> <span class='ocrx_word' id='word_1_235' title='bbox 692 2309 807 2369; x_wconf 85' lang='lat' dir='ltr'>rigor</span> <span class='ocrx_word' id='word_1_236' title='bbox 834 2309 1077 2368; x_wconf 82' lang='lat' dir='ltr'>frangitur3</span> <span class='ocrx_word' id='word_1_237' title='bbox 1106 2311 1226 2373; x_wconf 88' lang='lat' dir='ltr'>quod</span> <span class='ocrx_word' id='word_1_238' title='bbox 1255 2313 1430 2360; x_wconf 86' lang='lat' dir='ltr'>tandem</span> 
     </span>
     <span class='ocr_line' id='line_1_31' title="bbox 47 2379 1430 2443; baseline 0.005 -18"><span class='ocrx_word' id='word_1_239' title='bbox 47 2397 188 2425; x_wconf 85' lang='lat' dir='ltr'>censes</span> <span class='ocrx_word' id='word_1_240' title='bbox 206 2397 285 2443; x_wconf 84' lang='lat' dir='ltr'>pro</span> <span class='ocrx_word' id='word_1_241' title='bbox 336 2382 415 2426; x_wconf 86' lang='lat' dir='ltr'>reis</span> <span class='ocrx_word' id='word_1_242' title='bbox 437 2397 525 2426; x_wconf 86' lang='lat' dir='ltr'>esse</span> <span class='ocrx_word' id='word_1_243' title='bbox 552 2379 729 2437; x_wconf 86' lang='lat' dir='ltr'>debere,</span> <span class='ocrx_word' id='word_1_244' title='bbox 762 2380 828 2427; x_wconf 83' lang='lat' dir='ltr'>vel</span> <span class='ocrx_word' id='word_1_245' title='bbox 871 2380 1104 2427; x_wconf 85' lang='lat' dir='ltr'>defensoris</span> <span class='ocrx_word' id='word_1_246' title='bbox 1135 2382 1200 2428; x_wconf 74' lang='lat' dir='ltr'>vel</span> <span class='ocrx_word' id='word_1_247' title='bbox 1221 2384 1430 2432; x_wconf 87' lang='lat' dir='ltr'>interces-</span> 
     </span>
     <span class='ocr_line' id='line_1_32' title="bbox 47 2451 1429 2518; baseline 0.005 -22"><span class='ocrx_word' id='word_1_248' title='bbox 47 2451 152 2496; x_wconf 84' lang='lat' dir='ltr'>soris</span> <span class='ocrx_word' id='word_1_249' title='bbox 173 2451 395 2496; x_wconf 55' lang='lat' dir='ltr'>officium?</span> <span class='ocrx_word' id='word_1_250' title='bbox 414 2451 769 2515; x_wconf 77' lang='lat' dir='ltr'>qnandoquidem</span> <span class='ocrx_word' id='word_1_251' title='bbox 797 2463 837 2497; x_wconf 83' lang='lat' dir='ltr'>et</span> <span class='ocrx_word' id='word_1_252' title='bbox 862 2469 936 2498; x_wconf 84' lang='lat' dir='ltr'>vos</span> <span class='ocrx_word' id='word_1_253' title='bbox 964 2451 1163 2498; x_wconf 61' lang='lat' dir='ltr'>viriboni</span> <span class='ocrx_word' id='word_1_254' title='bbox 1180 2491 1189 2507; x_wconf 78' lang='grc'>,</span> <span class='ocrx_word' id='word_1_255' title='bbox 1213 2455 1288 2518; x_wconf 89' lang='lat' dir='ltr'>qui</span> <span class='ocrx_word' id='word_1_256' title='bbox 1311 2474 1429 2503; x_wconf 91' lang='lat' dir='ltr'>nunc</span> 
     </span>
     <span class='ocr_line' id='line_1_33' title="bbox 42 2522 1427 2587; baseline 0.006 -20"><span class='ocrx_word' id='word_1_257' title='bbox 42 2522 212 2581; x_wconf 80' lang='lat' dir='ltr'>J&#39;udiccs</span> <span class='ocrx_word' id='word_1_258' title='bbox 228 2523 342 2576; x_wconf 75' lang='lat' dir='ltr'>estis,</span> <span class='ocrx_word' id='word_1_259' title='bbox 369 2534 409 2568; x_wconf 76' lang='lat' dir='ltr'>et</span> <span class='ocrx_word' id='word_1_260' title='bbox 425 2523 467 2568; x_wconf 87' lang='lat' dir='ltr'>in</span> <span class='ocrx_word' id='word_1_261' title='bbox 490 2523 584 2568; x_wconf 86' lang='lat' dir='ltr'>foro</span> <span class='ocrx_word' id='word_1_262' title='bbox 602 2522 838 2587; x_wconf 86' lang='lat' dir='ltr'>aliquando</span> <span class='ocrx_word' id='word_1_263' title='bbox 853 2523 1005 2568; x_wconf 85' lang='lat' dir='ltr'>versati</span> <span class='ocrx_word' id='word_1_264' title='bbox 1024 2541 1172 2570; x_wconf 79' lang='lat' dir='ltr'>causas</span> <span class='ocrx_word' id='word_1_265' title='bbox 1197 2525 1427 2576; x_wconf 82' lang='lat' dir='ltr'>hominum</span> 
     </span>
    </p>
   </div>
   <div class='ocr_carea' id='block_1_2' title="bbox 95 2605 715 2646">
    <p class='ocr_par' dir='ltr' id='par_1_4' title="bbox 95 2605 715 2646">
     <span class='ocr_line' id='line_1_34' title="bbox 95 2605 715 2646; baseline 0 -10"><span class='ocrx_word' id='word_1_266' title='bbox 95 2605 104 2626; x_wconf 89' lang='lat'><strong>¹</strong></span> <span class='ocrx_word' id='word_1_267' title='bbox 128 2607 220 2636; x_wconf 46' lang='grc' dir='ltr'>,ἴε-τευ).</span> <span class='ocrx_word' id='word_1_268' title='bbox 237 2618 424 2646; x_wconf 74' lang='lat' dir='ltr'>x111.5.——-</span> <span class='ocrx_word' id='word_1_269' title='bbox 445 2606 459 2626; x_wconf 84' lang='lat'>&#39;-‘</span> <span class='ocrx_word' id='word_1_270' title='bbox 478 2605 580 2638; x_wconf 77' lang='lat' dir='ltr'>Mani.</span> <span class='ocrx_word' id='word_1_271' title='bbox 618 2617 643 2641; x_wconf 85' lang='lat' dir='ltr'>r,</span> <span class='ocrx_word' id='word_1_272' title='bbox 665 2617 715 2646; x_wconf 78' lang='lat'>¹9-</span> 
     </span>
    </p>
   </div>
  </div>
 </body>
</html>
