1799 3251
390 307 478 364 164
791 318 823 347 s.
869 317 1109 348 aversum
1146 315 1344 346 Erlscom

338 427 342 431 .
385 392 476 448 Ego
499 396 639 432 autem
658 382 755 429 dico
775 381 893 444 quod
915 383 1028 426 Deus
1052 392 1163 427 totus
1193 380 1341 425 oculus
1363 389 1438 434 est,
1467 388 1581 424 totus
1598 393 1750 424 manus

385 469 464 512 est,
486 467 601 502 totus
621 471 695 516 pes
719 463 792 497 est.
836 452 971 496 Totus
1004 450 1156 496 oculus
1194 460 1284 505 est,
1311 449 1413 511 quia
1439 449 1581 494 omnia
1610 447 1742 494 videt.

384 529 519 572 Totus
544 540 693 569 manus
731 532 821 576 est,
849 522 951 583 quia
983 521 1127 565 onmia
1155 529 1373 581 operatur.
1405 519 1540 563 Totus
1570 535 1646 580 pes
1668 528 1746 572 est,

381 596 483 659 quia
508 594 673 656 ubique
701 601 775 636 est.
814 591 927 649 Ergo
952 589 1218 651 videtequid
1242 588 1373 634 dicat.
1406 609 1425 628 α
1453 588 1539 643 Qui
1572 588 1749 649 planta-

381 688 403 708 »
428 666 490 710 vit
508 680 654 708 aurem
685 678 771 706 non
810 661 985 705 audiet?
1014 671 1085 706 aut
1112 659 1188 722 qui
1207 659 1328 703 finxit
1360 658 1508 703 oculos
1527 675 1613 703 non
1641 674 1749 703 con-

382 758 402 777 »
427 735 611 781 siderat'.3
629 755 648 773 »
675 734 731 777 Et
751 748 838 776 non
862 731 984 785 dixit,
1013 730 1099 786 Qui
1120 730 1335 792 plantavit
1360 745 1523 784 aurem,
1542 745 1641 787 ergo
1658 729 1749 791 ipse

380 821 524 850 aurem
551 819 636 847 non
654 801 813 855 habet3
832 817 917 846 non
939 800 1061 854 dixit,
1083 816 1181 857 ergo
1197 799 1288 861 ipse
1309 798 1456 844 oculos
1474 815 1560 843 non
1583 797 1713 843 habet
1734 816 1744 842 ε

378 873 450 919 sed
481 872 589 936 quid
620 871 756 917 dixit?
788 871 916 926 «Qui
950 870 1164 933 plantavit
1188 886 1333 914 aurern
1359 885 1446 913 non
1470 868 1646 914 audiet?
1672 868 1746 930 qui

378 965 399 985 2>
422 943 542 988 finxit
565 941 813 987 oculosnon
831 940 1103 986 considerat?
1120 961 1140 980 »
1157 940 1350 984 membra
1367 938 1481 995 tulit,
1501 937 1748 983 efficientias

378 1013 511 1059 dedit.
531 1013 544 1074 ]

442 1082 534 1128 XV.
570 1082 678 1127 Haec
710 1080 855 1126 onmia
878 1079 931 1125 de
972 1079 1122 1126 litteris
1153 1097 1303 1125 eorum
1340 1091 1382 1125 et
1414 1079 1670 1125 Latinorum
1707 1090 1747 1125 ct

379 1154 656 1206 Graecorum,
687 1151 763 1214 qui
788 1151 952 1214 priores
974 1151 1100 1195 nobis
1139 1151 1185 1195 in
1208 1149 1425 1195 catholica
1450 1149 1641 1194 Ecclesia
1679 1150 1747 1195 vi-

375 1233 520 1268 ventes
545 1222 694 1267 divina
717 1220 888 1283 eloquia
912 1231 1220 1276 tractaverunt,
1247 1219 1344 1265 ideo
1368 1219 1747 1265 commemoranda

376 1294 614 1338 arbitratus
637 1308 760 1344 sum3
791 1302 839 1336 ut
874 1291 981 1337 sciat
1007 1291 1084 1336 iste
1117 1291 1264 1346 frater,
1291 1291 1324 1335 si
1348 1290 1455 1352 quid
1476 1290 1598 1335 aliter
1613 1307 1744 1353 quam

374 1362 445 1407 isti
466 1362 593 1407 sentit
612 1360 807 1424 deposita
840 1360 1111 1406 dissensionis
1131 1360 1435 1415 amaritudine,
1477 1371 1518 1405 et
1548 1359 1746 1405 fraternae

375 1432 600 1477 charitatis
632 1431 840 1476 suavitate
864 1441 1028 1475 servata
1052 1441 1179 1493 atque
1198 1431 1243 1475 in
1282 1430 1497 1489 integrum
1529 1431 1741 1481 restituta,

373 1500 568 1560 diligenti
592 1511 633 1545 et
659 1499 893 1562 tranquilla
915 1500 1254 1545 consideratione
1271 1500 1553 1563 quaerendum
1573 1499 1639 1545 vel
1662 1500 1746 1545 dis-

373 1570 561 1615 cendum
587 1569 656 1615 vel
675 1569 937 1615 docendum.
966 1571 1112 1633 Neque
1130 1570 1243 1614 enim
1264 1570 1560 1632 quorumlibet
1587 1568 1743 1633 dispu-

372 1640 571 1695 tationes,
589 1640 785 1702 quamvis
804 1639 1119 1685 catholicorum
1142 1651 1183 1685 et
1201 1640 1475 1685 laudatorum
1492 1639 1740 1695 homiuum,

370 1709 489 1755 velut
513 1710 761 1772 Scripturas
785 1710 1014 1755 canonicas
1029 1711 1188 1755 habere
1208 1710 1430 1765 debemus,
1448 1721 1495 1755 ut
1515 1710 1640 1755 nobis
1656 1705 1741 1756 non

368 1778 497 1825 ilceat
514 1779 630 1825 salva
651 1779 1003 1835 honorificentia,
1024 1797 1123 1842 quae
1147 1780 1230 1825 illis
1253 1780 1437 1825 debetur
1461 1780 1713 1826 hominibus
1729 1818 1739 1836 ‚

371 1848 538 1912 aliquid
573 1850 618 1893 in
640 1866 787 1894 eorum
829 1850 1004 1911 scriptis
1037 1851 1285 1913 improbare
1313 1861 1441 1913 atque
1476 1867 1690 1912 respuere,
1709 1851 1743 1896 si

369 1916 478 1964 forte
500 1919 790 1963 invenerimus
811 1919 930 1981 quod
951 1920 1071 1965 aliter
1105 1921 1309 1965 senserint
1328 1937 1459 1984 quam
1480 1922 1633 1966 veritas
1657 1921 1742 1966 ha-

369 1988 461 2043 bet.
492 1988 641 2034 divino
665 1987 878 2046 adjutorio
903 1988 969 2034 vel
993 1990 1047 2034 ab
1073 1989 1164 2034 aliis
1188 1990 1422 2045 intellecta,
1452 1989 1518 2034 vel
1553 2008 1572 2034 a
1595 1991 1734 2037 nobis.

371 2057 488 2102 Talis
501 2074 577 2116 ego
593 2073 685 2101 sum
705 2058 750 2102 in
777 2058 946 2120 scriptis
971 2058 1171 2114 aliorum,
1198 2059 1296 2104 tales
1324 2059 1422 2104 volo
1445 2075 1530 2104 esse
1546 2059 1742 2106 intellec-

371 2137 481 2172 tores
505 2143 712 2172 meorum.
745 2128 1000 2190 Deniquein
1017 2129 1067 2173 iis
1088 2129 1291 2173 omnibus
1307 2146 1406 2192 quae
1439 2129 1492 2173 de
1521 2130 1740 2192 opusculis

370 2207 620 2242 sanctorum
663 2206 790 2258 atque
822 2196 1056 2242 doctorum
1092 2199 1448 2243 commemoravit
1486 2199 1702 2244 Ambrosii
1725 2237 1736 2254 ‚

370 2266 641 2328 Hieronymi,
666 2267 903 2322 Athanasii,
926 2268 1135 2327 Gregorii,
1150 2279 1189 2313 et
1211 2268 1243 2313 si
1258 2285 1342 2330 qua
1365 2268 1545 2314 aliorum
1568 2268 1667 2314 talia
1682 2269 1739 2314 le-

369 2354 465 2395 gere
481 2336 623 2399 potui,
646 2353 745 2398 quae
761 2353 1096 2383 commemorare
1110 2338 1288 2398 longum
1310 2339 1474 2401 putavi,
1496 2342 1638 2384 Deum
1652 2356 1738 2384 non

370 2424 455 2452 esse
479 2423 638 2469 corpus
658 2443 668 2461 ‚
712 2424 789 2451 nec
824 2406 974 2452 forma?
1000 2408 1206 2454 humana>
1229 2409 1390 2454 habere
1420 2410 1630 2463 membra,
1660 2427 1737 2455 nec

369 2492 468 2520 eum
489 2492 575 2519 esse
596 2492 674 2536 per
709 2476 903 2522 locorum
923 2478 1060 2539 spatia
1085 2478 1365 2534 divisibilem,
1408 2489 1449 2523 et
1468 2495 1553 2524 esse
1583 2490 1737 2524 natura

368 2544 780 2590 incommutabiliter
799 2546 1057 2592 invisibilem
1072 2585 1081 2602 ‚
1104 2565 1182 2593 nec
1219 2565 1296 2611 per
1319 2548 1513 2594 eamdem
1540 2559 1735 2594 naturam

370 2625 497 2679 atque
520 2614 831 2670 substantiam,
853 2616 924 2662 sed
946 2629 1163 2682 assumpta
1182 2618 1340 2665 visibili
1358 2618 1498 2680 specie
1522 2619 1630 2664 sicut
1654 2636 1735 2664 vo-
