<?xml version="1.0" encoding="UTF-8"?>
<!DOCTYPE html PUBLIC "-//W3C//DTD XHTML 1.0 Transitional//EN"
    "http://www.w3.org/TR/xhtml1/DTD/xhtml1-transitional.dtd">
<html xmlns="http://www.w3.org/1999/xhtml" xml:lang="en" lang="en">
 <head>
  <title>
</title>
<meta http-equiv="Content-Type" content="text/html;charset=utf-8" />
  <meta name='ocr-system' content='tesseract 3.04.00' />
  <meta name='ocr-capabilities' content='ocr_page ocr_carea ocr_par ocr_line ocrx_word'/>
</head>
<body>
  <div class='ocr_page' id='page_1' title='image "./operaomniaaccura40auguuoft/operaomniaaccura40auguuoft_0121.png"; bbox 0 0 1799 3251; ppageno 0'>
   <div class='ocr_carea' id='block_1_1' title="bbox 555 259 1446 299">
    <p class='ocr_par' dir='ltr' id='par_1_1' title="bbox 555 259 1446 299">
     <span class='ocr_line' id='line_1_1' title="bbox 555 259 1446 299; baseline 0.004 -5"><span class='ocrx_word' id='word_1_1' title='bbox 555 259 768 295; x_wconf 80' lang='lat' dir='ltr'>EPISTOLA</span> <span class='ocrx_word' id='word_1_2' title='bbox 803 260 968 295; x_wconf 82' lang='lat' dir='ltr'><strong>CXLVII.</strong></span> <span class='ocrx_word' id='word_1_3' title='bbox 1364 269 1380 299; x_wconf 94' lang='lat'>1</span> <span class='ocrx_word' id='word_1_4' title='bbox 1401 267 1409 297; x_wconf 88' lang='lat' dir='ltr'>l</span> <span class='ocrx_word' id='word_1_5' title='bbox 1433 263 1446 298; x_wconf 87' lang='lat' dir='ltr'>l</span> 
     </span>
    </p>
   </div>
   <div class='ocr_carea' id='block_1_2' title="bbox 78 325 1467 2497">
    <p class='ocr_par' dir='ltr' id='par_1_2' title="bbox 78 325 1467 2497">
     <span class='ocr_line' id='line_1_2' title="bbox 148 325 1459 392; baseline 0.002 -17"><span class='ocrx_word' id='word_1_6' title='bbox 148 325 230 377; x_wconf 86' lang='grc' dir='ltr'>ΙΙΙ.</span> <span class='ocrx_word' id='word_1_7' title='bbox 261 328 456 392; x_wconf 87' lang='lat' dir='ltr'>Exempli</span> <span class='ocrx_word' id='word_1_8' title='bbox 479 329 615 388; x_wconf 84' lang='lat' dir='ltr'>gratia</span> <span class='ocrx_word' id='word_1_9' title='bbox 630 328 773 374; x_wconf 85' lang='lat' dir='ltr'>dicam</span> <span class='ocrx_word' id='word_1_10' title='bbox 795 328 978 391; x_wconf 80' lang='lat' dir='ltr'>aliquid,</span> <span class='ocrx_word' id='word_1_11' title='bbox 1001 345 1090 392; x_wconf 92' lang='lat' dir='ltr'>quo</span> <span class='ocrx_word' id='word_1_12' title='bbox 1111 329 1165 375; x_wconf 83' lang='lat' dir='ltr'>ad</span> <span class='ocrx_word' id='word_1_13' title='bbox 1180 330 1278 377; x_wconf 87' lang='lat' dir='ltr'>haec</span> <span class='ocrx_word' id='word_1_14' title='bbox 1300 333 1459 378; x_wconf 90' lang='lat' dir='ltr'>certius</span> 
     </span>
     <span class='ocr_line' id='line_1_3' title="bbox 80 397 1457 463; baseline 0 -17"><span class='ocrx_word' id='word_1_15' title='bbox 80 399 354 463; x_wconf 80' lang='lat' dir='ltr'>praestruaris</span> <span class='ocrx_word' id='word_1_16' title='bbox 374 436 384 455; x_wconf 88' lang='lat'><strong>,</strong></span> <span class='ocrx_word' id='word_1_17' title='bbox 405 409 448 444; x_wconf 86' lang='lat' dir='ltr'>et</span> <span class='ocrx_word' id='word_1_18' title='bbox 465 397 566 444; x_wconf 88' lang='lat' dir='ltr'>inde</span> <span class='ocrx_word' id='word_1_19' title='bbox 585 397 860 462; x_wconf 87' lang='lat' dir='ltr'>potissimum</span> <span class='ocrx_word' id='word_1_20' title='bbox 887 400 1003 443; x_wconf 89' lang='lat' dir='ltr'>unde</span> <span class='ocrx_word' id='word_1_21' title='bbox 1029 399 1154 445; x_wconf 84' lang='lat' dir='ltr'>nobis</span> <span class='ocrx_word' id='word_1_22' title='bbox 1186 399 1231 445; x_wconf 90' lang='lat' dir='ltr'>in</span> <span class='ocrx_word' id='word_1_23' title='bbox 1252 399 1339 446; x_wconf 91' lang='lat' dir='ltr'>hoc</span> <span class='ocrx_word' id='word_1_24' title='bbox 1360 401 1457 463; x_wconf 85' lang='lat' dir='ltr'>ipso</span> 
     </span>
     <span class='ocr_line' id='line_1_4' title="bbox 81 467 1456 534; baseline 0 -18"><span class='ocrx_word' id='word_1_25' title='bbox 81 487 210 534; x_wconf 89' lang='lat' dir='ltr'>opere</span> <span class='ocrx_word' id='word_1_26' title='bbox 234 469 483 533; x_wconf 79' lang='lat' dir='ltr'>propositus</span> <span class='ocrx_word' id='word_1_27' title='bbox 517 479 578 514; x_wconf 86' lang='lat' dir='ltr'>est</span> <span class='ocrx_word' id='word_1_28' title='bbox 604 467 857 531; x_wconf 83' lang='lat' dir='ltr'>disputandi</span> <span class='ocrx_word' id='word_1_29' title='bbox 892 468 1031 516; x_wconf 86' lang='lat' dir='ltr'>labor.</span> <span class='ocrx_word' id='word_1_30' title='bbox 1066 469 1294 516; x_wconf 83' lang='lat' dir='ltr'>Credimus</span> <span class='ocrx_word' id='word_1_31' title='bbox 1318 469 1456 516; x_wconf 80' lang='lat' dir='ltr'>videri</span> 
     </span>
     <span class='ocr_line' id='line_1_5' title="bbox 83 538 1458 604; baseline 0.001 -19"><span class='ocrx_word' id='word_1_32' title='bbox 83 542 242 597; x_wconf 86' lang='lat' dir='ltr'>Deum,</span> <span class='ocrx_word' id='word_1_33' title='bbox 272 557 360 585; x_wconf 88' lang='lat' dir='ltr'>non</span> <span class='ocrx_word' id='word_1_34' title='bbox 384 539 487 604; x_wconf 85' lang='lat' dir='ltr'>quia</span> <span class='ocrx_word' id='word_1_35' title='bbox 508 539 706 585; x_wconf 87' lang='lat' dir='ltr'>videmus</span> <span class='ocrx_word' id='word_1_36' title='bbox 725 576 735 594; x_wconf 84' lang='lat'>‚</span> <span class='ocrx_word' id='word_1_37' title='bbox 766 538 831 585; x_wconf 79' lang='lat' dir='ltr'>vel</span> <span class='ocrx_word' id='word_1_38' title='bbox 860 556 938 601; x_wconf 86' lang='lat' dir='ltr'>per</span> <span class='ocrx_word' id='word_1_39' title='bbox 964 540 1111 585; x_wconf 87' lang='lat' dir='ltr'>oculos</span> <span class='ocrx_word' id='word_1_40' title='bbox 1131 541 1328 604; x_wconf 76' lang='lat' dir='ltr'>corporis</span> <span class='ocrx_word' id='word_1_41' title='bbox 1347 541 1458 587; x_wconf 85' lang='lat' dir='ltr'>sicut</span> 
     </span>
     <span class='ocr_line' id='line_1_6' title="bbox 79 608 1456 675; baseline 0 -18"><span class='ocrx_word' id='word_1_42' title='bbox 79 609 276 657; x_wconf 79' lang='lat' dir='ltr'>videmus</span> <span class='ocrx_word' id='word_1_43' title='bbox 298 610 419 655; x_wconf 86' lang='lat' dir='ltr'>hunc</span> <span class='ocrx_word' id='word_1_44' title='bbox 445 609 592 664; x_wconf 74' lang='lat' dir='ltr'>solem,</span> <span class='ocrx_word' id='word_1_45' title='bbox 615 608 683 656; x_wconf 84' lang='lat' dir='ltr'>vel</span> <span class='ocrx_word' id='word_1_46' title='bbox 703 609 858 654; x_wconf 87' lang='lat' dir='ltr'>mentis</span> <span class='ocrx_word' id='word_1_47' title='bbox 881 609 1055 655; x_wconf 81' lang='lat' dir='ltr'>obtuitu</span> <span class='ocrx_word' id='word_1_48' title='bbox 1074 610 1184 656; x_wconf 90' lang='lat' dir='ltr'>sicut</span> <span class='ocrx_word' id='word_1_49' title='bbox 1209 628 1251 656; x_wconf 88' lang='lat' dir='ltr'>se</span> <span class='ocrx_word' id='word_1_50' title='bbox 1269 612 1456 675; x_wconf 83' lang='lat' dir='ltr'>quisque</span> 
     </span>
     <span class='ocr_line' id='line_1_7' title="bbox 80 678 1456 745; baseline 0 -19"><span class='ocrx_word' id='word_1_51' title='bbox 80 681 256 726; x_wconf 88' lang='lat' dir='ltr'>interius</span> <span class='ocrx_word' id='word_1_52' title='bbox 290 679 408 726; x_wconf 88' lang='lat' dir='ltr'>videt</span> <span class='ocrx_word' id='word_1_53' title='bbox 435 680 649 726; x_wconf 75' lang='lat' dir='ltr'>viventem</span> <span class='ocrx_word' id='word_1_54' title='bbox 669 717 679 736; x_wconf 86' lang='lat'><strong>,</strong></span> <span class='ocrx_word' id='word_1_55' title='bbox 697 678 816 724; x_wconf 82' lang='lat' dir='ltr'>videt</span> <span class='ocrx_word' id='word_1_56' title='bbox 838 680 1050 726; x_wconf 81' lang='lat' dir='ltr'>volentem</span> <span class='ocrx_word' id='word_1_57' title='bbox 1069 717 1078 734; x_wconf 89' lang='lat'><strong>‚</strong></span> <span class='ocrx_word' id='word_1_58' title='bbox 1107 680 1225 727; x_wconf 71' lang='lat' dir='ltr'>videt</span> <span class='ocrx_word' id='word_1_59' title='bbox 1251 698 1456 745; x_wconf 77' lang='lat' dir='ltr'>quaeren-</span> 
     </span>
     <span class='ocr_line' id='line_1_8' title="bbox 81 748 1457 814; baseline 0.001 -19"><span class='ocrx_word' id='word_1_60' title='bbox 81 760 183 807; x_wconf 87' lang='lat' dir='ltr'>tem,</span> <span class='ocrx_word' id='word_1_61' title='bbox 206 749 325 796; x_wconf 88' lang='lat' dir='ltr'>videt</span> <span class='ocrx_word' id='word_1_62' title='bbox 345 750 549 795; x_wconf 80' lang='lat' dir='ltr'><strong>scientem</strong></span> <span class='ocrx_word' id='word_1_63' title='bbox 567 787 577 806; x_wconf 84' lang='lat'>‚</span> <span class='ocrx_word' id='word_1_64' title='bbox 605 748 723 795; x_wconf 81' lang='lat' dir='ltr'>videt</span> <span class='ocrx_word' id='word_1_65' title='bbox 752 749 1028 796; x_wconf 72' lang='lat' dir='ltr'>nescientem.</span> <span class='ocrx_word' id='word_1_66' title='bbox 1071 751 1139 796; x_wconf 87' lang='lat' dir='ltr'>Tu</span> <span class='ocrx_word' id='word_1_67' title='bbox 1166 750 1312 814; x_wconf 84' lang='lat' dir='ltr'>itaque</span> <span class='ocrx_word' id='word_1_68' title='bbox 1336 751 1457 797; x_wconf 85' lang='lat' dir='ltr'>lectis</span> 
     </span>
     <span class='ocr_line' id='line_1_9' title="bbox 78 818 1458 884; baseline 0.001 -20"><span class='ocrx_word' id='word_1_69' title='bbox 78 819 173 883; x_wconf 85' lang='lat' dir='ltr'>ipsa</span> <span class='ocrx_word' id='word_1_70' title='bbox 195 819 263 865; x_wconf 86' lang='lat' dir='ltr'>his</span> <span class='ocrx_word' id='word_1_71' title='bbox 287 819 456 875; x_wconf 85' lang='lat' dir='ltr'>litteris,</span> <span class='ocrx_word' id='word_1_72' title='bbox 479 819 611 865; x_wconf 89' lang='lat' dir='ltr'>solem</span> <span class='ocrx_word' id='word_1_73' title='bbox 631 818 806 882; x_wconf 88' lang='lat' dir='ltr'>quidem</span> <span class='ocrx_word' id='word_1_74' title='bbox 825 829 866 864; x_wconf 89' lang='lat' dir='ltr'>te</span> <span class='ocrx_word' id='word_1_75' title='bbox 892 819 1046 866; x_wconf 85' lang='lat' dir='ltr'>vidisse</span> <span class='ocrx_word' id='word_1_76' title='bbox 1074 820 1226 865; x_wconf 86' lang='lat' dir='ltr'>recolis</span> <span class='ocrx_word' id='word_1_77' title='bbox 1246 838 1323 884; x_wconf 88' lang='lat' dir='ltr'>per</span> <span class='ocrx_word' id='word_1_78' title='bbox 1347 837 1458 866; x_wconf 90' lang='lat' dir='ltr'>ocu-</span> 
     </span>
     <span class='ocr_line' id='line_1_10' title="bbox 79 889 1454 954; baseline 0.001 -19"><span class='ocrx_word' id='word_1_79' title='bbox 79 889 142 936; x_wconf 89' lang='lat' dir='ltr'>los</span> <span class='ocrx_word' id='word_1_80' title='bbox 165 891 380 953; x_wconf 87' lang='lat' dir='ltr'>corporis,</span> <span class='ocrx_word' id='word_1_81' title='bbox 401 901 524 953; x_wconf 88' lang='lat' dir='ltr'>potes</span> <span class='ocrx_word' id='word_1_82' title='bbox 544 890 674 936; x_wconf 87' lang='lat' dir='ltr'>etiam</span> <span class='ocrx_word' id='word_1_83' title='bbox 698 890 844 935; x_wconf 88' lang='lat' dir='ltr'>statim</span> <span class='ocrx_word' id='word_1_84' title='bbox 863 889 1008 936; x_wconf 85' lang='lat' dir='ltr'>videre</span> <span class='ocrx_word' id='word_1_85' title='bbox 1030 890 1064 935; x_wconf 85' lang='lat' dir='ltr'>si</span> <span class='ocrx_word' id='word_1_86' title='bbox 1084 901 1144 936; x_wconf 86' lang='lat' dir='ltr'>est</span> <span class='ocrx_word' id='word_1_87' title='bbox 1164 890 1208 936; x_wconf 88' lang='lat' dir='ltr'>id</span> <span class='ocrx_word' id='word_1_88' title='bbox 1230 891 1454 954; x_wconf 83' lang='lat' dir='ltr'>temporis,</span> 
     </span>
     <span class='ocr_line' id='line_1_11' title="bbox 79 959 1459 1024; baseline 0.001 -19"><span class='ocrx_word' id='word_1_89' title='bbox 79 971 121 1005; x_wconf 89' lang='lat' dir='ltr'>et</span> <span class='ocrx_word' id='word_1_90' title='bbox 139 977 188 1005; x_wconf 86' lang='lat' dir='ltr'>eo</span> <span class='ocrx_word' id='word_1_91' title='bbox 205 960 364 1017; x_wconf 84' lang='grc'>100105,</span> <span class='ocrx_word' id='word_1_92' title='bbox 387 961 463 1006; x_wconf 92' lang='lat' dir='ltr'>ubi</span> <span class='ocrx_word' id='word_1_93' title='bbox 489 978 536 1006; x_wconf 77' lang='lat' dir='ltr'>ex</span> <span class='ocrx_word' id='word_1_94' title='bbox 558 978 604 1006; x_wconf 89' lang='lat' dir='ltr'>ea</span> <span class='ocrx_word' id='word_1_95' title='bbox 622 971 748 1024; x_wconf 83' lang='lat' dir='ltr'>parte</span> <span class='ocrx_word' id='word_1_96' title='bbox 773 959 936 1006; x_wconf 90' lang='lat' dir='ltr'>coelum</span> <span class='ocrx_word' id='word_1_97' title='bbox 965 960 1102 1006; x_wconf 89' lang='grc'>000115</span> <span class='ocrx_word' id='word_1_98' title='bbox 1130 961 1215 1007; x_wconf 88' lang='lat' dir='ltr'>tuis</span> <span class='ocrx_word' id='word_1_99' title='bbox 1245 978 1379 1024; x_wconf 88' lang='lat' dir='ltr'>usque</span> <span class='ocrx_word' id='word_1_100' title='bbox 1405 960 1459 1007; x_wconf 89' lang='lat' dir='ltr'>ad</span> 
     </span>
     <span class='ocr_line' id='line_1_12' title="bbox 79 1029 1460 1095; baseline 0.002 -21"><span class='ocrx_word' id='word_1_101' title='bbox 79 1029 210 1075; x_wconf 90' lang='lat' dir='ltr'>solem</span> <span class='ocrx_word' id='word_1_102' title='bbox 226 1029 524 1075; x_wconf 84' lang='lat' dir='ltr'>contuendum</span> <span class='ocrx_word' id='word_1_103' title='bbox 542 1041 677 1094; x_wconf 88' lang='lat' dir='ltr'>patet.</span> <span class='ocrx_word' id='word_1_104' title='bbox 699 1030 764 1076; x_wconf 85' lang='lat' dir='ltr'>Ad</span> <span class='ocrx_word' id='word_1_105' title='bbox 782 1030 855 1076; x_wconf 83' lang='lat' dir='ltr'>illa</span> <span class='ocrx_word' id='word_1_106' title='bbox 872 1047 974 1076; x_wconf 88' lang='lat' dir='ltr'>vero</span> <span class='ocrx_word' id='word_1_107' title='bbox 988 1031 1176 1077; x_wconf 86' lang='lat' dir='ltr'>videnda</span> <span class='ocrx_word' id='word_1_108' title='bbox 1196 1048 1296 1095; x_wconf 82' lang='lat' dir='ltr'>quae</span> <span class='ocrx_word' id='word_1_109' title='bbox 1317 1042 1460 1083; x_wconf 88' lang='lat' dir='ltr'>mente</span> 
     </span>
     <span class='ocr_line' id='line_1_13' title="bbox 80 1098 1459 1165; baseline 0.001 -20"><span class='ocrx_word' id='word_1_110' title='bbox 80 1098 274 1163; x_wconf 87' lang='lat' dir='ltr'>conspici</span> <span class='ocrx_word' id='word_1_111' title='bbox 297 1099 413 1156; x_wconf 85' lang='lat' dir='ltr'>dixi,</span> <span class='ocrx_word' id='word_1_112' title='bbox 440 1098 486 1145; x_wconf 92' lang='lat' dir='ltr'>id</span> <span class='ocrx_word' id='word_1_113' title='bbox 511 1110 572 1145; x_wconf 90' lang='lat' dir='ltr'>est</span> <span class='ocrx_word' id='word_1_114' title='bbox 598 1099 716 1165; x_wconf 87' lang='lat' dir='ltr'>quod</span> <span class='ocrx_word' id='word_1_115' title='bbox 741 1099 875 1156; x_wconf 85' lang='lat' dir='ltr'>vivas,</span> <span class='ocrx_word' id='word_1_116' title='bbox 905 1099 1024 1164; x_wconf 89' lang='lat' dir='ltr'>quod</span> <span class='ocrx_word' id='word_1_117' title='bbox 1048 1100 1194 1147; x_wconf 85' lang='lat' dir='ltr'>videre</span> <span class='ocrx_word' id='word_1_118' title='bbox 1222 1102 1362 1147; x_wconf 85' lang='lat' dir='ltr'>Deum</span> <span class='ocrx_word' id='word_1_119' title='bbox 1380 1117 1459 1147; x_wconf 85' lang='lat' dir='ltr'>ve-</span> 
     </span>
     <span class='ocr_line' id='line_1_14' title="bbox 79 1168 1460 1234; baseline 0.001 -19"><span class='ocrx_word' id='word_1_120' title='bbox 79 1169 131 1215; x_wconf 87' lang='lat' dir='ltr'>lis</span> <span class='ocrx_word' id='word_1_121' title='bbox 151 1206 162 1226; x_wconf 83' lang='lat'>‚</span> <span class='ocrx_word' id='word_1_122' title='bbox 185 1168 306 1233; x_wconf 86' lang='lat' dir='ltr'>quod</span> <span class='ocrx_word' id='word_1_123' title='bbox 331 1169 378 1215; x_wconf 92' lang='lat' dir='ltr'>id</span> <span class='ocrx_word' id='word_1_124' title='bbox 413 1170 606 1234; x_wconf 86' lang='lat' dir='ltr'>requiras</span> <span class='ocrx_word' id='word_1_125' title='bbox 623 1207 634 1227; x_wconf 84' lang='lat'>‚</span> <span class='ocrx_word' id='word_1_126' title='bbox 660 1169 781 1234; x_wconf 88' lang='lat' dir='ltr'>quod</span> <span class='ocrx_word' id='word_1_127' title='bbox 804 1179 842 1215; x_wconf 89' lang='lat' dir='ltr'>te</span> <span class='ocrx_word' id='word_1_128' title='bbox 863 1169 1006 1216; x_wconf 84' lang='lat' dir='ltr'>vivere</span> <span class='ocrx_word' id='word_1_129' title='bbox 1020 1180 1062 1215; x_wconf 87' lang='lat' dir='ltr'>et</span> <span class='ocrx_word' id='word_1_130' title='bbox 1079 1169 1188 1216; x_wconf 76' lang='lat' dir='ltr'>velle</span> <span class='ocrx_word' id='word_1_131' title='bbox 1207 1180 1248 1216; x_wconf 85' lang='lat' dir='ltr'>et</span> <span class='ocrx_word' id='word_1_132' title='bbox 1266 1186 1460 1233; x_wconf 80' lang='lat' dir='ltr'>quaerere</span> 
     </span>
     <span class='ocr_line' id='line_1_15' title="bbox 80 1239 1456 1305; baseline 0.001 -19"><span class='ocrx_word' id='word_1_133' title='bbox 80 1240 187 1286; x_wconf 88' lang='lat' dir='ltr'>scias</span> <span class='ocrx_word' id='word_1_134' title='bbox 205 1276 216 1298; x_wconf 81' lang='lat'><strong>‚</strong></span> <span class='ocrx_word' id='word_1_135' title='bbox 247 1240 470 1305; x_wconf 90' lang='lat' dir='ltr'>quomodo</span> <span class='ocrx_word' id='word_1_136' title='bbox 502 1252 645 1286; x_wconf 84' lang='lat' dir='ltr'>autem</span> <span class='ocrx_word' id='word_1_137' title='bbox 672 1242 787 1287; x_wconf 90' lang='lat' dir='ltr'>Deus</span> <span class='ocrx_word' id='word_1_138' title='bbox 815 1239 1015 1287; x_wconf 83' lang='lat' dir='ltr'>videatur</span> <span class='ocrx_word' id='word_1_139' title='bbox 1035 1241 1221 1297; x_wconf 88' lang='lat' dir='ltr'>nescias;</span> <span class='ocrx_word' id='word_1_140' title='bbox 1245 1241 1298 1286; x_wconf 88' lang='lat' dir='ltr'>ad</span> <span class='ocrx_word' id='word_1_141' title='bbox 1322 1241 1421 1287; x_wconf 85' lang='lat' dir='ltr'>haec</span> <span class='ocrx_word' id='word_1_142' title='bbox 1444 1278 1456 1297; x_wconf 87' lang='lat'>‚</span> 
     </span>
     <span class='ocr_line' id='line_1_16' title="bbox 80 1310 1455 1376; baseline 0 -20"><span class='ocrx_word' id='word_1_143' title='bbox 80 1311 281 1376; x_wconf 86' lang='lat' dir='ltr'>inquam,</span> <span class='ocrx_word' id='word_1_144' title='bbox 311 1312 458 1358; x_wconf 80' lang='lat' dir='ltr'>onmia</span> <span class='ocrx_word' id='word_1_145' title='bbox 486 1311 674 1358; x_wconf 85' lang='lat' dir='ltr'>videnda</span> <span class='ocrx_word' id='word_1_146' title='bbox 706 1328 795 1357; x_wconf 91' lang='lat' dir='ltr'>non</span> <span class='ocrx_word' id='word_1_147' title='bbox 829 1311 977 1357; x_wconf 88' lang='lat' dir='ltr'>oculos</span> <span class='ocrx_word' id='word_1_148' title='bbox 1006 1312 1201 1375; x_wconf 87' lang='lat' dir='ltr'>corporis</span> <span class='ocrx_word' id='word_1_149' title='bbox 1238 1310 1418 1357; x_wconf 85' lang='lat' dir='ltr'>adhibes</span> <span class='ocrx_word' id='word_1_150' title='bbox 1443 1348 1455 1367; x_wconf 82' lang='grc'>,</span> 
     </span>
     <span class='ocr_line' id='line_1_17' title="bbox 80 1381 1459 1446; baseline 0.001 -20"><span class='ocrx_word' id='word_1_151' title='bbox 80 1398 159 1427; x_wconf 89' lang='grc'>000</span> <span class='ocrx_word' id='word_1_152' title='bbox 195 1381 472 1429; x_wconf 83' lang='lat' dir='ltr'>intervallum</span> <span class='ocrx_word' id='word_1_153' title='bbox 498 1381 612 1438; x_wconf 78' lang='lat' dir='ltr'>loci,</span> <span class='ocrx_word' id='word_1_154' title='bbox 641 1399 721 1445; x_wconf 86' lang='lat' dir='ltr'>per</span> <span class='ocrx_word' id='word_1_155' title='bbox 743 1381 862 1446; x_wconf 88' lang='lat' dir='ltr'>quod</span> <span class='ocrx_word' id='word_1_156' title='bbox 897 1381 1150 1428; x_wconf 81' lang='lat' dir='ltr'>intendatur</span> <span class='ocrx_word' id='word_1_157' title='bbox 1170 1381 1350 1428; x_wconf 84' lang='lat' dir='ltr'>obtutus</span> <span class='ocrx_word' id='word_1_158' title='bbox 1371 1419 1381 1436; x_wconf 89' lang='lat'>,</span> <span class='ocrx_word' id='word_1_159' title='bbox 1410 1391 1459 1434; x_wconf 86' lang='lat' dir='ltr'>ut</span> 
     </span>
     <span class='ocr_line' id='line_1_18' title="bbox 82 1450 1459 1516; baseline 0 -19"><span class='ocrx_word' id='word_1_160' title='bbox 82 1450 136 1497; x_wconf 86' lang='lat' dir='ltr'>ad</span> <span class='ocrx_word' id='word_1_161' title='bbox 158 1468 206 1497; x_wconf 84' lang='lat' dir='ltr'>ea</span> <span class='ocrx_word' id='word_1_162' title='bbox 237 1450 456 1499; x_wconf 85' lang='lat' dir='ltr'>cernenda</span> <span class='ocrx_word' id='word_1_163' title='bbox 493 1451 748 1515; x_wconf 80' lang='lat' dir='ltr'>perveniat,</span> <span class='ocrx_word' id='word_1_164' title='bbox 776 1452 905 1498; x_wconf 86' lang='lat' dir='ltr'>sentis</span> <span class='ocrx_word' id='word_1_165' title='bbox 930 1463 1005 1497; x_wconf 88' lang='lat' dir='ltr'>aut</span> <span class='ocrx_word' id='word_1_166' title='bbox 1032 1452 1209 1516; x_wconf 80' lang='lat' dir='ltr'>quaeris.</span> <span class='ocrx_word' id='word_1_167' title='bbox 1246 1452 1318 1497; x_wconf 84' lang='lat' dir='ltr'>Sic</span> <span class='ocrx_word' id='word_1_168' title='bbox 1339 1451 1459 1498; x_wconf 87' lang='lat' dir='ltr'>vides</span> 
     </span>
     <span class='ocr_line' id='line_1_19' title="bbox 80 1522 1460 1585; baseline 0.001 -18"><span class='ocrx_word' id='word_1_169' title='bbox 80 1523 214 1567; x_wconf 88' lang='lat' dir='ltr'>vitam</span> <span class='ocrx_word' id='word_1_170' title='bbox 241 1533 361 1568; x_wconf 86' lang='lat' dir='ltr'>tuam</span> <span class='ocrx_word' id='word_1_171' title='bbox 378 1559 389 1581; x_wconf 89' lang='lat'><strong><em>‚</em></strong></span> <span class='ocrx_word' id='word_1_172' title='bbox 414 1522 700 1578; x_wconf 82' lang='lat' dir='ltr'>voluntatem,</span> <span class='ocrx_word' id='word_1_173' title='bbox 728 1522 1055 1585; x_wconf 86' lang='lat' dir='ltr'>inquisitionem</span> <span class='ocrx_word' id='word_1_174' title='bbox 1075 1560 1086 1579; x_wconf 84' lang='lat'>,</span> <span class='ocrx_word' id='word_1_175' title='bbox 1114 1522 1335 1568; x_wconf 85' lang='lat' dir='ltr'>scientiam</span> <span class='ocrx_word' id='word_1_176' title='bbox 1356 1559 1366 1578; x_wconf 83' lang='lat'>‚</span> <span class='ocrx_word' id='word_1_177' title='bbox 1391 1522 1460 1582; x_wconf 86' lang='lat' dir='ltr'>ig-</span> 
     </span>
     <span class='ocr_line' id='line_1_20' title="bbox 81 1592 1460 1656; baseline 0.001 -20"><span class='ocrx_word' id='word_1_178' title='bbox 81 1592 348 1648; x_wconf 85' lang='lat' dir='ltr'>norantiam,</span> <span class='ocrx_word' id='word_1_179' title='bbox 372 1593 475 1656; x_wconf 85' lang='lat' dir='ltr'>quia</span> <span class='ocrx_word' id='word_1_180' title='bbox 501 1610 580 1639; x_wconf 91' lang='lat' dir='ltr'>nec</span> <span class='ocrx_word' id='word_1_181' title='bbox 610 1593 704 1656; x_wconf 84' lang='lat' dir='ltr'>ipsa</span> <span class='ocrx_word' id='word_1_182' title='bbox 732 1603 794 1638; x_wconf 88' lang='lat' dir='ltr'>est</span> <span class='ocrx_word' id='word_1_183' title='bbox 817 1592 1134 1639; x_wconf 87' lang='lat' dir='ltr'>contemnenda</span> <span class='ocrx_word' id='word_1_184' title='bbox 1158 1592 1263 1640; x_wconf 86' lang='lat' dir='ltr'>visio</span> <span class='ocrx_word' id='word_1_185' title='bbox 1282 1630 1293 1649; x_wconf 83' lang='lat'>‚</span> <span class='ocrx_word' id='word_1_186' title='bbox 1313 1592 1460 1644; x_wconf 81' lang='lat' dir='ltr'>Videre</span> 
     </span>
     <span class='ocr_line' id='line_1_21' title="bbox 81 1661 1459 1726; baseline -0.001 -18"><span class='ocrx_word' id='word_1_187' title='bbox 81 1661 200 1724; x_wconf 90' lang='lat' dir='ltr'>quod</span> <span class='ocrx_word' id='word_1_188' title='bbox 223 1662 411 1716; x_wconf 83' lang='lat' dir='ltr'>nescias;</span> <span class='ocrx_word' id='word_1_189' title='bbox 449 1663 509 1708; x_wconf 89' lang='lat' dir='ltr'>sic</span> <span class='ocrx_word' id='word_1_190' title='bbox 525 1700 534 1717; x_wconf 79' lang='grc'><em>,</em></span> <span class='ocrx_word' id='word_1_191' title='bbox 571 1663 751 1726; x_wconf 80' lang='lat' dir='ltr'>inquam</span> <span class='ocrx_word' id='word_1_192' title='bbox 770 1699 781 1719; x_wconf 83' lang='lat'>‚</span> <span class='ocrx_word' id='word_1_193' title='bbox 809 1663 928 1708; x_wconf 77' lang='lat' dir='ltr'>vides</span> <span class='ocrx_word' id='word_1_194' title='bbox 954 1663 1052 1708; x_wconf 82' lang='lat' dir='ltr'>haec</span> <span class='ocrx_word' id='word_1_195' title='bbox 1086 1663 1231 1708; x_wconf 84' lang='lat' dir='ltr'>omnia</span> <span class='ocrx_word' id='word_1_196' title='bbox 1248 1699 1261 1719; x_wconf 89' lang='lat'>,</span> <span class='ocrx_word' id='word_1_197' title='bbox 1285 1673 1334 1708; x_wconf 92' lang='lat' dir='ltr'>ut</span> <span class='ocrx_word' id='word_1_198' title='bbox 1353 1662 1398 1707; x_wconf 89' lang='lat' dir='ltr'>in</span> <span class='ocrx_word' id='word_1_199' title='bbox 1418 1672 1459 1707; x_wconf 80' lang='lat' dir='ltr'>te</span> 
     </span>
     <span class='ocr_line' id='line_1_22' title="bbox 81 1731 1460 1796; baseline 0 -19"><span class='ocrx_word' id='word_1_200' title='bbox 81 1731 241 1790; x_wconf 85' lang='lat' dir='ltr'>videas,</span> <span class='ocrx_word' id='word_1_201' title='bbox 270 1733 389 1796; x_wconf 88' lang='lat' dir='ltr'>apud</span> <span class='ocrx_word' id='word_1_202' title='bbox 410 1744 450 1778; x_wconf 89' lang='lat' dir='ltr'>te</span> <span class='ocrx_word' id='word_1_203' title='bbox 464 1733 643 1789; x_wconf 77' lang='lat' dir='ltr'>habeas,</span> <span class='ocrx_word' id='word_1_204' title='bbox 666 1749 714 1777; x_wconf 90' lang='lat' dir='ltr'>ac</span> <span class='ocrx_word' id='word_1_205' title='bbox 726 1732 816 1778; x_wconf 84' lang='lat' dir='ltr'>sine</span> <span class='ocrx_word' id='word_1_206' title='bbox 831 1733 928 1778; x_wconf 89' lang='lat' dir='ltr'>ullis</span> <span class='ocrx_word' id='word_1_207' title='bbox 946 1733 1183 1793; x_wconf 83' lang='lat' dir='ltr'>figurarum</span> <span class='ocrx_word' id='word_1_208' title='bbox 1198 1731 1460 1778; x_wconf 85' lang='lat' dir='ltr'>liniamentis</span> 
     </span>
     <span class='ocr_line' id='line_1_23' title="bbox 82 1802 1458 1866; baseline -0.001 -19"><span class='ocrx_word' id='word_1_209' title='bbox 82 1802 367 1865; x_wconf 87' lang='lat' dir='ltr'>colorumque</span> <span class='ocrx_word' id='word_1_210' title='bbox 393 1802 609 1848; x_wconf 81' lang='lat' dir='ltr'>nitoribus</span> <span class='ocrx_word' id='word_1_211' title='bbox 631 1839 642 1858; x_wconf 84' lang='grc'>,</span> <span class='ocrx_word' id='word_1_212' title='bbox 678 1812 801 1847; x_wconf 82' lang='lat' dir='ltr'>tanto</span> <span class='ocrx_word' id='word_1_213' title='bbox 836 1802 991 1848; x_wconf 89' lang='lat' dir='ltr'>clarius</span> <span class='ocrx_word' id='word_1_214' title='bbox 1019 1814 1061 1848; x_wconf 91' lang='lat' dir='ltr'>et</span> <span class='ocrx_word' id='word_1_215' title='bbox 1084 1802 1268 1858; x_wconf 87' lang='lat' dir='ltr'>certius,</span> <span class='ocrx_word' id='word_1_216' title='bbox 1293 1811 1458 1866; x_wconf 86' lang='lat' dir='ltr'>quanto</span> 
     </span>
     <span class='ocr_line' id='line_1_24' title="bbox 81 1873 1458 1936; baseline 0.001 -19"><span class='ocrx_word' id='word_1_217' title='bbox 81 1873 322 1936; x_wconf 86' lang='lat' dir='ltr'>simplicius</span> <span class='ocrx_word' id='word_1_218' title='bbox 340 1874 606 1936; x_wconf 88' lang='lat' dir='ltr'>interiusque</span> <span class='ocrx_word' id='word_1_219' title='bbox 625 1873 883 1936; x_wconf 86' lang='lat' dir='ltr'>conspicias.</span> <span class='ocrx_word' id='word_1_220' title='bbox 908 1875 1019 1919; x_wconf 90' lang='lat' dir='ltr'>Cum</span> <span class='ocrx_word' id='word_1_221' title='bbox 1045 1873 1177 1934; x_wconf 83' lang='lat' dir='ltr'>igitur</span> <span class='ocrx_word' id='word_1_222' title='bbox 1202 1889 1280 1918; x_wconf 94' lang='grc'>000</span> <span class='ocrx_word' id='word_1_223' title='bbox 1295 1889 1458 1935; x_wconf 83' lang='grc' dir='ltr'>001Ρο-</span> 
     </span>
     <span class='ocr_line' id='line_1_25' title="bbox 82 1943 1458 2007; baseline 0 -19"><span class='ocrx_word' id='word_1_224' title='bbox 82 1943 138 1988; x_wconf 85' lang='lat' dir='ltr'>ris</span> <span class='ocrx_word' id='word_1_225' title='bbox 162 1943 298 1989; x_wconf 89' lang='lat' dir='ltr'>oculis</span> <span class='ocrx_word' id='word_1_226' title='bbox 321 1944 433 1990; x_wconf 89' lang='lat' dir='ltr'>sicut</span> <span class='ocrx_word' id='word_1_227' title='bbox 461 1961 646 2007; x_wconf 88' lang='lat' dir='ltr'>corpora</span> <span class='ocrx_word' id='word_1_228' title='bbox 674 1943 761 1990; x_wconf 85' lang='lat' dir='ltr'>sive</span> <span class='ocrx_word' id='word_1_229' title='bbox 788 1943 980 1989; x_wconf 86' lang='lat' dir='ltr'>coelestia</span> <span class='ocrx_word' id='word_1_230' title='bbox 1002 1943 1090 1990; x_wconf 87' lang='lat' dir='ltr'>sive</span> <span class='ocrx_word' id='word_1_231' title='bbox 1117 1943 1357 1999; x_wconf 83' lang='lat' dir='ltr'>terrestria,</span> <span class='ocrx_word' id='word_1_232' title='bbox 1379 1959 1458 1988; x_wconf 86' lang='lat' dir='ltr'>nec</span> 
     </span>
     <span class='ocr_line' id='line_1_26' title="bbox 82 2013 1462 2079; baseline 0 -21"><span class='ocrx_word' id='word_1_233' title='bbox 82 2013 236 2059; x_wconf 88' lang='lat' dir='ltr'>mentis</span> <span class='ocrx_word' id='word_1_234' title='bbox 265 2026 443 2079; x_wconf 85' lang='lat' dir='ltr'>aspectu</span> <span class='ocrx_word' id='word_1_235' title='bbox 466 2014 577 2060; x_wconf 90' lang='lat' dir='ltr'>sicut</span> <span class='ocrx_word' id='word_1_236' title='bbox 602 2032 649 2060; x_wconf 87' lang='lat' dir='ltr'>ea</span> <span class='ocrx_word' id='word_1_237' title='bbox 672 2023 772 2060; x_wconf 88' lang='lat' dir='ltr'>sunt</span> <span class='ocrx_word' id='word_1_238' title='bbox 789 2051 800 2070; x_wconf 83' lang='lat'><strong><em>,</em></strong></span> <span class='ocrx_word' id='word_1_239' title='bbox 822 2031 1009 2077; x_wconf 89' lang='lat' dir='ltr'>quorum</span> <span class='ocrx_word' id='word_1_240' title='bbox 1034 2014 1244 2060; x_wconf 85' lang='lat' dir='ltr'>nonnulla</span> <span class='ocrx_word' id='word_1_241' title='bbox 1272 2029 1462 2058; x_wconf 89' lang='lat' dir='ltr'>comme-</span> 
     </span>
     <span class='ocr_line' id='line_1_27' title="bbox 83 2084 1458 2150; baseline 0 -21"><span class='ocrx_word' id='word_1_242' title='bbox 83 2084 266 2140; x_wconf 84' lang='lat' dir='ltr'>moravi,</span> <span class='ocrx_word' id='word_1_243' title='bbox 287 2101 388 2148; x_wconf 82' lang='lat' dir='ltr'>quae</span> <span class='ocrx_word' id='word_1_244' title='bbox 415 2085 533 2150; x_wconf 90' lang='lat' dir='ltr'>apud</span> <span class='ocrx_word' id='word_1_245' title='bbox 552 2085 822 2148; x_wconf 83' lang='lat' dir='ltr'>temetipsam</span> <span class='ocrx_word' id='word_1_246' title='bbox 847 2085 1080 2130; x_wconf 79' lang='lat' dir='ltr'>certissime</span> <span class='ocrx_word' id='word_1_247' title='bbox 1104 2084 1284 2130; x_wconf 87' lang='lat' dir='ltr'>intueris</span> <span class='ocrx_word' id='word_1_248' title='bbox 1301 2121 1312 2141; x_wconf 84' lang='lat'><strong>,</strong></span> <span class='ocrx_word' id='word_1_249' title='bbox 1340 2099 1458 2129; x_wconf 87' lang='lat' dir='ltr'>nunc</span> 
     </span>
     <span class='ocr_line' id='line_1_28' title="bbox 83 2153 1462 2216; baseline -0.001 -17"><span class='ocrx_word' id='word_1_250' title='bbox 83 2153 305 2200; x_wconf 85' lang='lat' dir='ltr'>videamus</span> <span class='ocrx_word' id='word_1_251' title='bbox 331 2155 495 2211; x_wconf 81' lang='lat' dir='ltr'>Deum3</span> <span class='ocrx_word' id='word_1_252' title='bbox 533 2172 613 2201; x_wconf 90' lang='lat' dir='ltr'>cur</span> <span class='ocrx_word' id='word_1_253' title='bbox 646 2154 865 2200; x_wconf 87' lang='lat' dir='ltr'>credimus</span> <span class='ocrx_word' id='word_1_254' title='bbox 904 2172 1002 2201; x_wconf 88' lang='lat' dir='ltr'>eum</span> <span class='ocrx_word' id='word_1_255' title='bbox 1041 2155 1179 2201; x_wconf 77' lang='lat' dir='ltr'>videri</span> <span class='ocrx_word' id='word_1_256' title='bbox 1199 2192 1209 2212; x_wconf 91' lang='lat'>,</span> <span class='ocrx_word' id='word_1_257' title='bbox 1248 2153 1331 2199; x_wconf 89' lang='lat' dir='ltr'>nisi</span> <span class='ocrx_word' id='word_1_258' title='bbox 1358 2153 1462 2216; x_wconf 85' lang='lat' dir='ltr'>quia</span> 
     </span>
     <span class='ocr_line' id='line_1_29' title="bbox 85 2221 1463 2287; baseline -0.001 -19"><span class='ocrx_word' id='word_1_259' title='bbox 85 2224 325 2287; x_wconf 80' lang='lat' dir='ltr'>Scripturae</span> <span class='ocrx_word' id='word_1_260' title='bbox 350 2224 730 2271; x_wconf 77' lang='lat' dir='ltr'>accommodamus</span> <span class='ocrx_word' id='word_1_261' title='bbox 766 2223 895 2269; x_wconf 88' lang='lat' dir='ltr'>fidem</span> <span class='ocrx_word' id='word_1_262' title='bbox 918 2260 928 2279; x_wconf 83' lang='grc'>,</span> <span class='ocrx_word' id='word_1_263' title='bbox 970 2224 1048 2270; x_wconf 85' lang='lat' dir='ltr'>ubi</span> <span class='ocrx_word' id='word_1_264' title='bbox 1070 2225 1227 2285; x_wconf 82' lang='lat' dir='ltr'>legitur</span> <span class='ocrx_word' id='word_1_265' title='bbox 1245 2261 1257 2280; x_wconf 85' lang='grc'>,</span> <span class='ocrx_word' id='word_1_266' title='bbox 1295 2244 1315 2264; x_wconf 87' lang='lat'>«</span> <span class='ocrx_word' id='word_1_267' title='bbox 1340 2221 1463 2268; x_wconf 85' lang='lat' dir='ltr'>Beati</span> 
     </span>
     <span class='ocr_line' id='line_1_30' title="bbox 84 2293 1466 2358; baseline 0.002 -22"><span class='ocrx_word' id='word_1_268' title='bbox 84 2315 105 2336; x_wconf 85' lang='grc'>»</span> <span class='ocrx_word' id='word_1_269' title='bbox 126 2293 290 2339; x_wconf 82' lang='grc' dir='ltr'>100οε10</span> <span class='ocrx_word' id='word_1_270' title='bbox 308 2294 440 2341; x_wconf 87' lang='lat' dir='ltr'>corde</span> <span class='ocrx_word' id='word_1_271' title='bbox 454 2332 464 2352; x_wconf 88' lang='lat'>‚</span> <span class='ocrx_word' id='word_1_272' title='bbox 489 2295 696 2358; x_wconf 88' lang='lat' dir='ltr'>quoniam</span> <span class='ocrx_word' id='word_1_273' title='bbox 714 2294 798 2358; x_wconf 87' lang='lat' dir='ltr'>ipsi</span> <span class='ocrx_word' id='word_1_274' title='bbox 817 2295 957 2340; x_wconf 89' lang='lat' dir='ltr'>Deum</span> <span class='ocrx_word' id='word_1_275' title='bbox 978 2293 1248 2340; x_wconf 70' lang='lat' dir='ltr'>videbunt1?</span> <span class='ocrx_word' id='word_1_276' title='bbox 1268 2303 1309 2339; x_wconf 88' lang='lat' dir='ltr'>et</span> <span class='ocrx_word' id='word_1_277' title='bbox 1327 2293 1362 2339; x_wconf 93' lang='grc'>51</span> <span class='ocrx_word' id='word_1_278' title='bbox 1378 2308 1466 2356; x_wconf 87' lang='lat' dir='ltr'>qua</span> 
     </span>
     <span class='ocr_line' id='line_1_31' title="bbox 86 2363 1467 2427; baseline -0.001 -18"><span class='ocrx_word' id='word_1_279' title='bbox 86 2363 220 2417; x_wconf 85' lang='lat' dir='ltr'>aliain</span> <span class='ocrx_word' id='word_1_280' title='bbox 234 2364 349 2410; x_wconf 85' lang='lat' dir='ltr'>hanc</span> <span class='ocrx_word' id='word_1_281' title='bbox 362 2366 615 2411; x_wconf 85' lang='lat' dir='ltr'>sententiam</span> <span class='ocrx_word' id='word_1_282' title='bbox 625 2365 773 2410; x_wconf 83' lang='lat' dir='ltr'>eadem</span> <span class='ocrx_word' id='word_1_283' title='bbox 787 2364 934 2410; x_wconf 87' lang='lat' dir='ltr'>divina</span> <span class='ocrx_word' id='word_1_284' title='bbox 945 2365 1199 2411; x_wconf 85' lang='lat' dir='ltr'>auctoritate</span> <span class='ocrx_word' id='word_1_285' title='bbox 1218 2363 1467 2427; x_wconf 86' lang='lat' dir='ltr'>conscripta</span> 
     </span>
     <span class='ocr_line' id='line_1_32' title="bbox 85 2433 1467 2497; baseline -0.001 -17"><span class='ocrx_word' id='word_1_286' title='bbox 85 2445 204 2492; x_wconf 87' lang='lat' dir='ltr'>sunt,</span> <span class='ocrx_word' id='word_1_287' title='bbox 231 2435 302 2480; x_wconf 90' lang='lat' dir='ltr'>cui</span> <span class='ocrx_word' id='word_1_288' title='bbox 321 2453 408 2481; x_wconf 88' lang='lat' dir='ltr'>non</span> <span class='ocrx_word' id='word_1_289' title='bbox 431 2436 603 2482; x_wconf 90' lang='lat' dir='ltr'>credere</span> <span class='ocrx_word' id='word_1_290' title='bbox 624 2435 741 2481; x_wconf 85' lang='lat' dir='ltr'>nefas</span> <span class='ocrx_word' id='word_1_291' title='bbox 761 2434 990 2490; x_wconf 81' lang='lat' dir='ltr'>ducimus3</span> <span class='ocrx_word' id='word_1_292' title='bbox 1015 2435 1187 2483; x_wconf 87' lang='lat' dir='ltr'>credere</span> <span class='ocrx_word' id='word_1_293' title='bbox 1212 2445 1354 2481; x_wconf 86' lang='lat' dir='ltr'>autem</span> <span class='ocrx_word' id='word_1_294' title='bbox 1377 2433 1467 2497; x_wconf 87' lang='lat' dir='ltr'>pie-</span> 
     </span>
    </p>
   </div>
   <div class='ocr_carea' id='block_1_3' title="bbox 88 2504 779 2627">
    <p class='ocr_par' dir='ltr' id='par_1_3' title="bbox 88 2504 779 2627">
     <span class='ocr_line' id='line_1_33' title="bbox 88 2504 779 2553; baseline 0.006 -4"><span class='ocrx_word' id='word_1_295' title='bbox 88 2504 187 2550; x_wconf 85' lang='lat' dir='ltr'>tatis</span> <span class='ocrx_word' id='word_1_296' title='bbox 203 2521 288 2549; x_wconf 88' lang='lat' dir='ltr'>esse</span> <span class='ocrx_word' id='word_1_297' title='bbox 313 2506 490 2552; x_wconf 88' lang='lat' dir='ltr'>minime</span> <span class='ocrx_word' id='word_1_298' title='bbox 509 2505 779 2553; x_wconf 81' lang='lat' dir='ltr'>dubitamUS.</span> 
     </span>
     <span class='ocr_line' id='line_1_34' title="bbox 141 2583 391 2627; baseline 0 -7"><span class='ocrx_word' id='word_1_299' title='bbox 141 2587 151 2609; x_wconf 83' lang='lat'>¹</span> <span class='ocrx_word' id='word_1_300' title='bbox 175 2583 291 2620; x_wconf 74' lang='lat' dir='ltr'>Malth.</span> <span class='ocrx_word' id='word_1_301' title='bbox 310 2599 339 2627; x_wconf 83' lang='lat' dir='ltr'>v,</span> <span class='ocrx_word' id='word_1_302' title='bbox 360 2588 391 2620; x_wconf 90' lang='grc'>8.</span> 
     </span>
    </p>
   </div>
  </div>
 </body>
</html>
