1799 3251
596 300 804 328 Eprs‘rom
841 300 982 330 crixiv.
1380 289 1462 333 311

101 381 283 427 corpore
309 364 503 409 exierunt
527 402 537 414 ,
562 364 622 409 illi
642 401 652 417 ‚
683 365 855 426 opinorr
887 375 1041 419 erunt,
1069 364 1123 409 de
1145 366 1306 427 quibus
1343 383 1472 429 supra

100 433 207 479 dixit
230 453 240 479 ε
266 456 284 474 r<
311 435 397 490 Qui
421 433 632 479 increduli
651 434 828 479 fuerunt
850 435 892 479 in
911 435 1065 479 diebus
1081 436 1174 480 Noe'
1193 455 1204 489 ;
1228 459 1245 476 »
1266 448 1338 481 aut
1358 449 1473 482 certe

99 521 262 559 omnes,
283 522 390 567 quos
409 505 528 567 apud
546 503 703 550 inferos
722 505 921 550 Christus
935 506 1112 552 invenit.
1134 506 1257 566 Quid
1271 507 1352 552 sibi
1370 524 1471 567 ergo

98 573 191 619 vult
227 592 238 619 ε
274 596 294 616 α
321 576 378 620 Ut
406 574 660 634 judicentur
687 574 865 638 quidem
909 575 1148 621 secundum
1191 577 1388 623 homines
1426 577 1473 622 in

98 667 112 683 »ι
129 661 271 699 carne,
297 645 446 690 vivant
486 656 629 690 autem
660 644 900 690 secundum
921 646 1060 690 Deum
1088 647 1274 708 spiritu?
1296 669 1315 689 >2
1343 647 1472 703 Quo-

97 714 551 774 modojudieanturin
572 732 858 777 carne‚quam
882 733 971 760 non
994 715 1180 772 habent,
1210 717 1243 762 si
1268 717 1470 780 apudin-

94 784 205 831 feros
223 796 322 831 sunt
337 805 347 838 3
365 785 428 831 vel
454 803 586 848 quam
603 785 799 831 nondum
817 796 1090 849 receperunt,
1105 786 1138 831 si
1153 787 1283 832 etiam
1304 805 1324 832 a
1341 787 1471 833 dolo-

95 855 216 900 ribus
249 855 404 901 inferni
429 856 556 900 soluti
581 858 714 900 sunt?
741 856 890 919 Neque
921 856 1034 901 enim
1077 857 1110 901 si
1143 868 1191 902 ut
1231 857 1470 920 quaerendo

94 924 233 970 dicis:
257 947 276 966 «
298 925 514 971 Exinaniti
531 936 630 971 sunt
646 925 787 982 inferi,
806 947 825 966 υ
851 943 998 972 omnes
1022 927 1167 983 etiam,
1187 928 1265 990 qui
1284 938 1387 973 tunc
1406 928 1468 973 ibi

93 994 285 1053 fuerunt,
316 997 359 1042 in
384 1014 512 1042 carne
539 997 807 1042 resurrexisse
825 997 1030 1043 credendi
1056 1008 1185 1051 sunt3
1214 1009 1288 1043 aut
1306 999 1381 1062 qui
1399 1016 1469 1044 re-

92 1078 311 1126 surgentes
335 1079 633 1130 apparuerunt
653 1084 753 1113 cum
777 1069 984 1124 Domino,
1015 1068 1069 1114 ad
1092 1068 1179 1114 hoc
1204 1086 1377 1114 carnem
1396 1087 1468 1115 re-

93 1148 326 1199 ceperunt,
370 1138 484 1182 utin
510 1154 557 1182 ea
585 1137 892 1197 judicarentur
928 1138 1167 1184 secundum
1203 1139 1424 1184 hominem
1454 1158 1465 1185 ε

90 1207 210 1269 quod
228 1225 306 1253 nec
327 1207 476 1253 deillis
489 1208 615 1254 video
636 1225 724 1271 quo
742 1208 873 1254 modo
896 1210 1037 1272 accipi
1054 1210 1206 1273 possit,
1230 1210 1305 1272 qui
1328 1210 1468 1256 incre-

91 1277 182 1323 duli
202 1277 378 1324 fuerunt
399 1279 444 1324 in
467 1279 622 1324 diebus
642 1279 737 1325 Noe
768 1297 778 1324 ε
807 1297 895 1324 non
916 1280 1029 1325 enim
1049 1297 1119 1325 eos
1133 1282 1177 1325 in
1203 1297 1299 1326 care
1323 1281 1470 1326 vixisse

89 1350 301 1412 scriptum
318 1361 394 1401 est,
425 1361 500 1395 aut
522 1349 639 1395 credi
657 1360 798 1413 potest
813 1350 910 1396 ideo
927 1350 1090 1396 solutos
1111 1350 1277 1396 dolores
1295 1351 1469 1407 inferni,

90 1429 138 1465 ut
161 1421 238 1483 qui
255 1420 355 1465 inde
373 1420 680 1476 liberarentur,
702 1437 875 1465 carnem
896 1420 950 1465 ad
967 1420 1172 1466 luendam
1197 1438 1377 1484 poenam
1397 1439 1460 1467 re-

88 1491 296 1552 ciperent.
322 1489 441 1546 Quid
464 1500 525 1535 est
541 1507 640 1549 ergo
661 1511 680 1530 «
708 1492 763 1536 Ut
779 1490 1036 1550 judicentur
1052 1491 1293 1536 secundum
1318 1491 1467 1537 horni-

88 1583 102 1598 »
120 1577 192 1604 nes
209 1560 252 1604 in
268 1577 413 1616 carne,
437 1560 586 1605 vivant
605 1571 747 1605 autem
767 1560 1005 1606 secundum
1022 1561 1163 1605 Deum
1183 1561 1386 1624 spiritum
1406 1565 1424 1607 9
1446 1584 1465 1603 >³

89 1632 154 1675 An
177 1629 286 1676 forte
307 1631 394 1675 hoc
417 1631 662 1693 praestitum
677 1641 739 1675 est
762 1631 837 1686 eis,
856 1648 963 1694 quos
982 1630 1100 1693 apud
1128 1631 1286 1676 inferos
1304 1632 1463 1677 Chris-

89 1710 156 1746 tus
182 1700 372 1757 invenst,
415 1711 463 1745 ut
486 1718 565 1763 per
595 1701 877 1760 Evangelium
911 1701 1236 1747 vivificarentur
1289 1703 1464 1764 spiritu,

85 1771 283 1832 quamvis
306 1771 351 1815 in
374 1769 519 1815 futura
544 1772 855 1816 resurrectione
878 1771 924 1816 in
945 1788 1073 1816 carne
1098 1770 1330 1830 J'udicandi
1359 1772 1459 1819 sint.

85 1852 133 1884 ut
157 1857 234 1903 per
254 1840 444 1903 aliquam
471 1841 612 1885 carnis
644 1857 822 1904 poenam
845 1851 1060 1886 transeant
1079 1840 1124 1886 in
1152 1858 1331 1901 regnum
1354 1842 1464 1887 Dei?

87 1911 218 1967 Quod
242 1911 275 1956 si
308 1911 367 1956 ita
390 1922 468 1967 est,
502 1928 581 1956 cur
601 1911 690 1957 hoc
716 1923 884 1957 tantum
911 1910 964 1956 de
1000 1911 1103 1967 illis,
1135 1912 1210 1974 qui
1235 1912 1462 1975 quondam

84 1998 170 2025 uon
197 1981 477 2027 crediderunt
492 1981 537 2026 in
558 1981 713 2026 diebus
740 1982 853 2038 Noe,
882 1998 932 2026 ac
949 1998 1035 2026 non
1057 1981 1185 2026 etiam
1203 1981 1256 2027 de
1279 1982 1463 2038 caeteris,

83 2067 193 2113 quos
213 2051 302 2096 illic
331 2051 493 2097 Christi
527 2051 712 2097 visitatio
736 2052 968 2115 comperit,
1003 2068 1080 2114 per
1101 2051 1321 2111 Evangelii
1344 2069 1465 2115 prae-

83 2121 347 2166 dicationem
373 2121 530 2184 spiritu
547 2123 808 2178 revixerunt,
831 2133 979 2185 postea
1002 2122 1247 2167 transitoria
1269 2139 1400 2185 poena
1422 2123 1467 2168 in

83 2191 630 2251 carnejudicandi‘PQuod
649 2193 680 2238 si
701 2193 753 2238 de
774 2193 979 2239 omnibus
1002 2193 1311 2255 acceperimus,
1326 2205 1470 2238 manet

81 2263 284 2325 quaesti0‚
313 2279 444 2324 quare
484 2263 637 2307 Petrus
675 2280 744 2308 eos
769 2274 939 2308 tantum
973 2262 1349 2318 commemoravit,
1390 2263 1465 2326 qui

80 2342 184 2378 tunc
203 2331 415 2377 increduli
433 2332 608 2378 fuerunt
627 2350 727 2378 cum
751 2333 1039 2379 fabricaretur
1065 2350 1180 2379 arca.

145 2404 247 2449 XII.
274 2406 423 2448 Movet
445 2403 574 2453 etiam
591 2403 720 2460 illud,
745 2404 865 2467 quod
886 2404 933 2459 ii,
954 2403 1030 2465 qui
1047 2403 1101 2448 de
1121 2403 1204 2448 hac
1227 2420 1270 2448 re
1295 2420 1463 2449 conan-

82 2484 153 2518 tur
195 2472 374 2518 reddere
403 2474 610 2519 rationein
631 2512 642 2530 ‚
686 2475 782 2520 ideo
812 2475 967 2520 dicunt
1008 2473 1186 2519 Christo
1228 2473 1280 2519 ad
1309 2474 1468 2521 inferos

79 2542 380 2599 descendente,
412 2545 481 2598 iis,
519 2545 596 2606 qui
619 2545 681 2590 ibi
703 2545 869 2591 inventi
900 2555 1016 2600 sunt,
1043 2543 1116 2589 illa
1149 2544 1243 2589 loca
1272 2545 1467 2606 poenalia

83 2625 293 2677 tanquam
317 2630 510 2660 carceres
533 2615 787 2672 exinanitos,
811 2615 883 2679 qui
904 2632 992 2661 non
1018 2613 1243 2660 audierant
1275 2615 1466 2673 Evange-
