1799 3251
307 277 401 331 334
726 288 760 317 S.
804 287 1046 317 Aucusrmi
1081 287 1283 318 Eriscom

300 354 613 419 productiusve
638 368 725 397 non
754 350 972 407 tenditur,
1003 366 1136 414 quam
1162 352 1277 397 Deus
1303 351 1536 416 dispositor
1559 364 1671 401 tem-

300 442 460 489 porum
486 423 608 469 novit
631 421 917 467 universitatis
936 421 1222 467 moderamini
1245 427 1513 470 consonare?

364 495 482 542 xlv.
525 493 577 539 Id
608 492 735 538 etiam
763 492 881 555 quod
906 492 1050 548 aiunt,
1085 509 1212 538 omne
1245 493 1365 556 quod
1396 495 1441 540 in
1478 505 1674 558 tempore

301 566 438 629 coepit
466 581 578 619 esse,
605 562 845 608 immortale
868 579 954 608 esse
978 579 1064 608 non
1097 579 1249 625 posse:
1277 563 1380 626 quia
1402 565 1546 610 omnia
1576 575 1672 611 orta

300 635 508 681 occidunt
527 668 537 689 ,
557 643 597 678 et
618 642 744 678 aucta
770 643 1025 689 senescunt,
1054 642 1102 678 ut
1124 649 1173 678 eo
1193 632 1324 678 modo
1340 633 1459 680 credi
1482 645 1641 694 cogant
1656 671 1669 691 ,

300 705 492 750 animum
531 704 778 749 humanum
809 702 907 748 ideo
939 719 1025 748 esse
1053 702 1342 749 immortalem
1361 740 1372 759 ,
1416 704 1537 768 quod
1577 715 1674 751 ante

299 776 444 821 onmia
471 785 665 837 tempora
690 773 744 818 sit
777 782 971 828 creatuS,
997 789 1084 818 non
1118 783 1263 819 movet
1294 773 1425 819 fidem
1459 784 1667 821 nostram.

298 849 359 892 Ut
381 846 493 891 enim
513 844 596 889 alia
621 854 803 898 taceam,
826 842 964 905 coepit
986 859 1071 888 esse
1090 842 1135 887 in
1155 853 1348 906 tempore
1370 843 1674 889 immortalitas

298 915 436 961 carnis
456 914 645 968 Christi,
676 929 775 975 quae
801 922 945 957 tamen
968 915 1057 971 jam
1082 929 1170 957 non
1194 912 1396 969 moritur,
1425 923 1466 959 et
1490 929 1606 959 mors
1633 913 1669 959 ei

298 985 410 1030 ultra
430 1001 516 1029 non
537 982 837 1028 dominabitur
852 981 885 1028 1.

361 1055 455 1100 ΧΥ.
497 1052 614 1098 Illud
639 1069 740 1099 vero
769 1051 889 1114 quod
915 1050 961 1097 in
982 1051 1096 1097 libro
1121 1050 1322 1097 adversus
1342 1051 1567 1098 Ruffinum
1587 1069 1674 1115 po-

298 1125 447 1179 suisti,
473 1122 684 1185 quosdam
709 1122 816 1167 huic
835 1121 1057 1167 sententiae
1081 1120 1365 1176 calumniari,
1390 1122 1510 1184 quod
1533 1123 1674 1168 Deum

298 1194 401 1240 dare
419 1194 580 1239 animas
607 1192 859 1238 adulterinis
892 1191 1179 1254 conceptibus
1200 1191 1397 1237 videatur
1413 1191 1641 1252 indignum
1657 1229 1669 1250 ,

297 1265 412 1310 unde
436 1274 650 1309 conantur
675 1273 861 1308 astruere
886 1262 1048 1308 meritis
1071 1272 1200 1321 gestae
1221 1271 1316 1306 ante
1342 1278 1515 1308 carnem
1538 1263 1640 1309 vitae
1657 1298 1668 1319 ,

298 1336 463 1381 animas
480 1335 603 1398 quasi
618 1333 671 1379 ad
689 1333 900 1393 ergastula
922 1332 1301 1393 hujusmodijuste
1321 1349 1442 1395 posse
1466 1331 1669 1396 perduci,

296 1423 383 1451 non
419 1423 485 1451 me
521 1416 662 1450 movet
702 1404 838 1450 multa
872 1405 1166 1463 cogitantem,
1203 1403 1365 1466 quibus
1402 1403 1500 1450 haec
1537 1404 1673 1467 possit

297 1477 516 1524 calumnia
547 1476 739 1522 refutari.
775 1478 830 1521 Et
866 1475 986 1539 quod
1020 1475 1113 1538 ipse
1138 1475 1429 1537 respondisti,
1473 1492 1560 1521 non
1586 1493 1672 1521 esse

296 1548 449 1594 vitium
479 1547 677 1592 sementis
709 1548 752 1592 in
781 1546 922 1591 tritico
947 1545 1067 1608 quod
1089 1545 1203 1590 furto
1223 1545 1385 1590 dicitur
1408 1561 1494 1590 esse
1518 1545 1671 1591 subla-

295 1629 390 1663 tum
410 1655 420 1674 ,
448 1617 520 1663 sed
551 1617 596 1661 in
628 1634 676 1662 eo
703 1616 779 1679 qui
814 1617 1030 1661 frumenta
1057 1614 1227 1660 furatus
1264 1625 1326 1660 est
1351 1634 1362 1668 ;
1393 1631 1472 1660 nec
1504 1615 1670 1661 idcirco

294 1699 454 1734 terram
484 1705 570 1733 non
597 1688 793 1733 debuisse
812 1686 972 1746 gremio
998 1702 1074 1732 suo
1102 1686 1263 1731 semina
1286 1685 1514 1731 confovere
1534 1723 1545 1741 ,
1568 1686 1672 1748 quia

297 1770 412 1805 sator
437 1758 662 1804 immunda
686 1775 733 1803 ea
757 1758 989 1820 projecerit
1009 1773 1168 1812 manu3
1195 1756 1504 1816 elegantissima
1523 1755 1670 1802 simili-

297 1831 403 1876 tudo
432 1841 506 1877 est.
533 1831 677 1885 Quam
697 1840 739 1874 et
763 1840 993 1892 antequam
1018 1828 1199 1888 legerem
1224 1827 1364 1873 nullas
1387 1827 1500 1873 mihi
1524 1828 1670 1886 objec-

294 1901 354 1946 tio
373 1902 452 1946 ista
478 1900 531 1945 de
555 1899 806 1945 adulterinis
830 1899 1010 1944 foetibus
1039 1899 1082 1943 in
1101 1898 1187 1944 hac
1218 1899 1455 1960 quaestione
1482 1897 1670 1944 faciebat

296 1971 535 2031 angustias,
561 1970 1015 2030 generaliterintuenti
1039 1968 1173 2014 multa
1191 1969 1306 2014 bona
1332 1970 1469 2014 Deum
1493 1968 1633 2014 facere
1652 2005 1664 2025 ,

295 2041 421 2087 etiam
449 2040 501 2085 de
524 2040 680 2084 nostris
709 2040 831 2084 malis
861 2039 1100 2101 nostrisque
1122 2039 1326 2101 peccatis.
1359 2038 1563 2084 Animalis
1587 2056 1663 2086 au-

295 2122 379 2158 tem
398 2115 714 2172 cujuscumque
734 2110 912 2164 creatio,
940 2110 973 2153 si
991 2109 1153 2154 habeat
1171 2111 1294 2172 pium
1319 2109 1667 2174 prudentemque

295 2181 655 2228 consideratorem
676 2215 686 2235 ,
728 2180 989 2224 ineffabilem
1026 2179 1199 2224 laudem
1245 2180 1440 2226 Creatori
1479 2183 1663 2237 excitat3

295 2262 457 2315 quanto
484 2251 614 2309 magis
638 2250 797 2295 creatio
822 2267 909 2294 non
928 2249 1162 2308 cujuslibet
1184 2250 1395 2306 animalis,
1423 2252 1496 2297 sed
1519 2252 1664 2299 homi-

293 2323 395 2368 nis?
434 2322 480 2366 Si
504 2332 645 2366 antem
676 2337 803 2366 causa
831 2319 1006 2365 creandi
1035 2321 1274 2382 quaeritur,
1309 2321 1428 2367 nulla
1463 2323 1591 2369 citius
1623 2335 1665 2371 et

294 2391 445 2437 melius
472 2389 774 2452 respondetur,
804 2390 883 2435 nisi
912 2390 1014 2452 quia
1049 2391 1186 2435 omnis
1222 2402 1417 2438 creatura
1441 2394 1520 2439 Dei
1547 2395 1662 2441 bona

293 2472 368 2509 est.
400 2462 456 2506 Et
487 2459 594 2523 quid
624 2459 797 2519 dignius
826 2477 957 2523 quam
991 2471 1038 2505 ut
1059 2461 1175 2506 bona
1202 2460 1330 2508 faciat
1354 2463 1495 2510 bonus
1515 2465 1658 2525 Deus,

294 2548 395 2598 quae
414 2548 539 2578 nemo
567 2540 708 2595 potest
728 2530 865 2578 facere
884 2530 963 2578 nisi
982 2532 1094 2578 Deus
1113 2534 1129 2577 Ρ

342 2615 351 2638 ¹
372 2617 464 2648 Rom.
478 2625 522 2653 vi,
535 2625 569 2655 9.
