1799 3251
347 267 431 318 132
761 285 798 314 s.
838 278 1084 315 At'GcsTINI
1115 283 1321 318 muscum

340 361 610 407 narrantem,
642 350 863 414 quomodo
885 362 926 396 et
946 351 1140 397 Verbum
1166 362 1244 408 est,
1272 368 1359 398 non
1383 368 1510 399 sonus
1537 347 1717 400 auribUs'

339 423 594 483 instrepens,
615 422 685 466 sed
698 422 838 479 imago
852 421 1068 465 mentibus
1083 421 1365 478 innotescens,
1380 434 1429 468 ut
1443 423 1530 469 illie
1550 423 1715 469 interna

341 491 710 538 etineffabililuce
723 489 1059 553 clarescatquod
1078 491 1244 537 dictum
1262 503 1347 537 est:
1370 493 1486 549 «Qui
1507 509 1572 538 me
1586 492 1712 545 vidit,

342 559 753 606 ›>x'i‹;litetl)at1·eiii‘¹
774 577 784 604 ε
807 560 955 623 »quod
976 561 1046 605 hic
1058 561 1271 624 Philippo
1283 561 1716 626 dicebatur,quando

339 631 534 685 videbat,
559 641 600 675 et
617 648 703 675 non
722 630 911 677 videbat.
936 631 1143 694 Sequitur
1161 633 1271 677 enim
1299 633 1429 692 hujus
1441 634 1617 678 visionis
1636 633 1717 678 exi-

343 703 456 748 mius
476 702 738 764 concupitor
754 701 1022 756 Ambrosius,
1048 701 1212 758 dicens,
1237 702 1322 766 [Et
1344 720 1441 748 cum
1457 703 1607 748 absens
1628 719 1718 765 pu—

342 784 476 827 tatur,
509 771 702 817 videtur:
726 782 766 816 et
795 789 895 817 cuin
924 789 1111 834 praeseus
1130 783 1208 827 est,
1240 790 1326 818 non
1368 772 1588 836 videtur.]
1618 774 1716 818 Non

340 843 447 888 dixit
467 859 565 887 cuni
596 842 748 886 absens
772 853 850 897 est,
868 843 958 897 sed,
975 858 1074 887 cum
1098 843 1249 887 absens
1273 854 1467 905 putatur.
1493 844 1716 905 Nusquam

337 914 451 958 enim
473 913 626 957 absens
641 922 718 967 est,
746 912 821 974 qui
841 911 1002 957 coelum
1030 923 1071 957 et
1092 924 1245 957 terrain
1265 912 1442 976 implet;
1470 930 1547 957 nec
1569 913 1718 975 spatiis

339 982 584 1029 includitur
619 982 779 1043 parvis,
807 983 1024 1041 magnisve
1049 981 1327 1037 diffunditur,
1364 982 1438 1028 sed
1464 982 1628 1044 ubique
1648 993 1718 1028 to-

345 1065 413 1098 tus
454 1063 543 1102 est,
584 1063 624 1096 et
669 1052 789 1096 nullo
818 1052 1066 1097 continetur
1114 1052 1224 1099 loco.
1261 1054 1357 1098 Hoc
1383 1054 1458 1116 qui
1493 1053 1719 1098 excedente

340 1134 484 1168 mente
509 1122 722 1180 intelligit,
744 1122 860 1166 videt
879 1123 1038 1169 Deum.
1058 1134 1212 1168 etcum
1239 1123 1390 1168 absens
1414 1135 1606 1187 putatur.
1630 1124 1717 1179 Qui

339 1204 482 1238 autem
508 1192 595 1236 hoc
624 1208 708 1236 non
735 1202 902 1254 potest,
935 1204 1029 1237 oret
1055 1204 1095 1237 et
1127 1204 1221 1251 agat
1258 1205 1304 1238 ut
1334 1211 1455 1255 posse
1484 1204 1714 1247 mereatur,

336 1280 415 1310 nec
437 1262 488 1308 act
517 1262 739 1307 hominem
761 1262 1074 1324 disputatorem
1092 1264 1250 1325 pulset,
1282 1276 1327 1308 ut
1354 1264 1471 1326 quod
1507 1281 1592 1309 non
1618 1264 1718 1323 legit

335 1335 471 1394 legat,
501 1333 571 1378 sed
598 1332 648 1377 ad
676 1333 812 1376 Deum
840 1332 1106 1377 salvatorem
1127 1370 1136 1387 ,
1161 1344 1205 1378 ut
1241 1334 1361 1395 quod
1394 1351 1480 1378 non
1501 1334 1612 1379 valet
1639 1350 1717 1379 va-

338 1405 439 1451 leat.
468 1404 592 1449 [nde
619 1414 758 1449 autem
779 1402 950 1458 dixerit,
986 1403 1056 1463 [et
1079 1420 1179 1449 cum
1200 1421 1388 1466 praesens
1407 1415 1572 1450 estnon
1591 1404 1716 1449 vide-

340 1477 435 1537 tur]
467 1483 776 1536 consequenter
791 1484 976 1534 aperuit,
992 1473 1158 1527 dicens,
1184 1475 1405 1538 [Denique
1428 1492 1506 1520 nec
1523 1475 1714 1537 Apostoli

340 1562 488 1591 omnes
514 1544 741 1588 Christum
763 1543 987 1589 videbant.
1018 1544 1072 1588 iit
1094 1544 1190 1589 ideo
1213 1545 1268 1590 ait
1296 1563 1306 1589 :
1330 1546 1503 1590 «Tanto
1526 1557 1718 1608 tempore

343 1639 365 1659 »
383 1615 613 1662 vobiscum
635 1631 748 1668 sum,
778 1624 819 1658 et
846 1613 992 1658 adhuc
1020 1632 1086 1659 me
1110 1633 1195 1660 non
1217 1609 1505 1674 cognovistis?
1527 1638 1544 1657 >2
1566 1616 1579 1677 ]
1607 1616 1718 1661 Eece

344 1685 574 1750 quomodo
597 1687 712 1729 Deus
729 1701 917 1746 praesens
934 1696 1023 1729 erat
1038 1696 1077 1729 et
1092 1703 1176 1731 non
1203 1686 1446 1733 videbatur.

406 1757 546 1801 XXX.
580 1754 663 1799 Sed
691 1771 824 1816 quare
843 1771 930 1798 non
955 1771 1081 1799 ausus
1114 1766 1174 1800 cst
1203 1756 1371 1810 dicere,
1408 1757 1606 1819 Denique
1639 1773 1717 1801 nec

344 1825 547 1890 Apostoli
571 1823 797 1869 Christum
821 1823 1046 1880 videbant,
1074 1824 1147 1869 sed
1168 1825 1251 1881 ait,
1280 1827 1386 1887 [nec
1414 1826 1612 1889 Apostoli
1625 1842 1718 1872 om-

346 1897 478 1957 nes,]
515 1905 719 1957 tanquam
751 1893 885 1956 aliqui
917 1905 1020 1939 tunc
1045 1895 1240 1941 viderent
1271 1914 1317 1942 ea
1350 1897 1536 1951 visione,
1564 1897 1608 1942 in
1631 1912 1717 1959 qua

345 1968 437 2030 ipse
469 1976 510 2011 et
535 1976 658 2028 pater
678 1980 812 2009 unum
839 1967 974 2009 sunt?
1003 1966 1069 2009 An
1095 1964 1205 2010 forte
1220 1966 1330 2012 illud
1357 1968 1570 2023 attendit,
1599 1966 1716 2030 quod

348 2054 446 2082 cum
472 2039 623 2080 Petrus
643 2034 835 2089 dixisset,
877 2055 897 2075 «
918 2034 985 2079 Tu
1009 2050 1051 2079 es
1072 2035 1272 2081 Christus
1301 2036 1432 2082 Filius
1450 2037 1529 2082 Dei
1555 2037 1642 2082 vivi
1666 2057 1676 2089 ;
1698 2058 1717 2078 υ

345 2123 598 2169 responsum
620 2104 786 2167 accepit
804 2141 814 2159 ,
839 2125 857 2145 c<
880 2105 1037 2149 Beatus
1069 2122 1128 2158 es,
1163 2106 1313 2151 Simon
1336 2107 1562 2152 Bar-Jona
1578 2144 1588 2161 ,
1616 2107 1717 2169 quia

349 2200 370 2219 )>
394 2195 480 2222 non
507 2177 586 2222 tibi
612 2175 816 2220 revelavit
834 2191 935 2219 caro
961 2185 1002 2220 et
1020 2176 1207 2235 sanguis,
1234 2176 1303 2221 sed
1331 2177 1458 2222 Pater
1484 2194 1617 2231 meuS,
1642 2178 1717 2240 qui

348 2270 370 2290 ›—
389 2249 431 2293 in
462 2247 583 2292 coelis
602 2256 663 2290 est
681 2246 732 2290 ‘29
757 2245 954 2307 quamvis
975 2245 1049 2289 illa
1077 2246 1278 2292 revelatio
1305 2258 1449 2292 utrum
1480 2265 1557 2311 per
1587 2247 1715 2292 fidem

350 2328 479 2362 tantae
501 2317 559 2361 rei
591 2315 794 2371 creditae,
823 2333 875 2360 an
905 2332 983 2378 per
1018 2315 1223 2361 visionem
1253 2329 1498 2380 conspectae
1521 2316 1635 2362 facta
1672 2317 1716 2361 in

349 2404 440 2446 ejus
465 2397 604 2430 mente
637 2386 795 2441 fuerit,
838 2402 925 2430 non
957 2385 1064 2430 mihi
1092 2386 1291 2432 videatur
1314 2388 1512 2440 elucere;
1549 2404 1648 2433 cum
1675 2397 1715 2431 et

346 2459 439 2520 ipse
461 2457 614 2500 Petrus
641 2467 724 2500 tam
750 2455 982 2518 parvulum
1009 2473 1050 2501 se
1069 2457 1214 2503 adhuc
1241 2458 1301 2502 illi
1318 2458 1565 2511 ostenderit,
1590 2468 1637 2503 ut
1656 2457 1714 2502 ti-

395 2566 515 2597 ¹Joan.
537 2573 603 2602 xxv,
620 2575 650 2602 9-
667 2579 708 2587 —-
729 2559 743 2583 2
762 2561 878 2596 Manli.
902 2574 968 2604 xvr,
995 2574 1042 2603 ¹7-
