1799 3251
343 287 401 333 52
771 300 805 332 S.
848 296 1092 332 AUGUSTINI
1128 299 1331 334 EPISCOPI

408 365 504 413 LX,
537 386 556 407 α
581 364 711 428 Apud
742 375 781 411 te
805 364 898 411 laus
917 384 1026 414 mea.
1051 388 1072 409 ›>
1097 368 1216 425 Quid
1244 385 1343 428 ergo
1361 352 1608 435 nocentqui
1627 379 1718 417 tan-

346 454 477 502 quam
496 437 611 483 victo
626 435 850 493 insultant,
869 437 985 500 quod
1009 454 1076 483 me
1090 438 1133 483 in
1149 438 1464 502 temporalibus
1481 440 1717 503 derelique-

342 509 427 554 ris?
455 529 474 549 «
506 509 556 552 In
582 505 768 552 Ecclesia
799 523 953 566 magna
984 508 1226 554 confitebor
1251 508 1376 565 tihil,
1399 531 1418 550 »
1446 527 1532 555 non
1556 521 1717 573 quanta

341 579 419 624 ista
443 594 658 641 synogoga
686 588 776 631 est,
805 593 904 639 quae
927 577 1076 623 irridet
1116 589 1295 624 mortem
1335 578 1544 636 derelicti,
1577 580 1649 626 sed
1673 581 1717 625 in

342 649 533 695 Ecclesia
558 665 712 707 magna
739 647 890 693 diffusa
919 665 994 712 per
1030 666 1175 694 omnes
1197 660 1356 709 genteS,
1387 667 1488 713 quae
1510 650 1647 696 credit
1673 652 1717 696 in

340 719 698 765 resurrectionem
727 735 812 763 non
848 717 1059 764 derelicti.
1092 719 1198 764 Haec
1218 731 1279 765 est
1312 720 1440 766 unica
1473 720 1563 777 illa,
1586 737 1717 783 quam

340 791 450 854 petit
473 789 524 835 de
548 805 678 834 manu
697 789 813 834 canis
837 790 946 844 erui,
969 789 1022 834 de
1040 806 1125 853 qua
1147 790 1274 835 etiam
1300 791 1434 853 paulo
1461 801 1558 836 ante
1582 791 1714 838 dixit:

340 882 359 901 α
381 861 431 905 ln
470 859 611 905 medio
653 859 856 904 Ecclesiae
889 859 1076 904 cantabo
1100 871 1153 905 te.
1179 881 1198 901 »
1225 861 1280 905 Et
1305 878 1424 906 nunc
1464 861 1583 924 quod
1623 862 1680 908 ait
1703 879 1714 908 ε

340 931 635 976 «Confitebor
661 929 757 985 tibi,
783 950 802 970 »
835 930 879 974 in
918 929 976 974 eis
1008 930 1157 993 utique
1192 930 1268 993 qui
1308 932 1654 989 confitebuntur,
1673 933 1717 978 in

339 1001 500 1065 quibus
524 1011 565 1045 et
586 999 793 1063 loquitur.
825 999 1046 1045 Confessio
1068 1010 1208 1045 autem
1235 1017 1321 1045 non
1362 1011 1531 1047 tantum
1557 1019 1718 1065 pecca-

339 1083 482 1117 torum
516 1081 597 1126 est,
629 1070 699 1115 sed
738 1081 779 1115 et
799 1070 937 1115 laudis
965 1070 1060 1124 Dei,
1098 1072 1208 1116 sicut
1240 1070 1332 1134 ipse
1369 1071 1415 1117 in
1447 1071 1714 1132 Evangelio:

340 1164 360 1184 >2
381 1141 636 1187 Confitebor
663 1141 760 1196 tibi,
790 1141 961 1204 inquit,
1005 1142 1134 1186 Pater
1164 1140 1349 1186 Domine
1368 1141 1469 1187 coeli
1506 1153 1547 1187 et
1572 1153 1714 1198 terrae,

339 1235 360 1256 »
387 1213 489 1276 quia
509 1212 773 1257 abscondisti
803 1212 899 1257 haec
920 1230 941 1257 a
961 1212 1248 1275 sapientibus,
1277 1222 1319 1257 et
1339 1212 1650 1275 prudentibus,
1677 1224 1719 1259 et

344 1306 364 1326 »
385 1282 577 1329 revelasti
602 1299 648 1327 ea
673 1282 916 1346 parvulis2.
949 1304 968 1323 »
989 1282 1092 1328 Ideo
1122 1282 1317 1345 sequitur
1349 1293 1390 1327 et
1413 1282 1543 1328 dicit:
1571 1305 1590 1325 «
1608 1284 1719 1330 Vota

338 1376 360 1396 »
378 1370 470 1399 mea
491 1352 668 1398 reddam
694 1369 841 1398 coram
879 1352 1133 1397 timentibus
1160 1368 1274 1399 eum.
1313 1351 1458 1398 Edent
1477 1370 1688 1416 pauperes
1703 1391 1714 1408 ‚

335 1447 356 1466 »
380 1435 421 1470 et
436 1424 765 1479 saturabuntur,
787 1432 828 1467 et
844 1421 1089 1467 laudabunt
1118 1421 1356 1467 Dominum
1388 1423 1464 1484 qui
1488 1424 1717 1486 requirunt

334 1518 356 1537 ))
379 1512 477 1541 eum
499 1495 530 1541 3.
560 1516 579 1536 »
603 1494 693 1557 Ipsi
717 1503 818 1539 sunt
835 1493 1006 1556 parvuli
1027 1493 1258 1556 dequibus
1293 1492 1399 1538 dixit
1422 1510 1431 1538 :
1459 1514 1478 1535 c<
1506 1495 1561 1539 Et
1586 1510 1717 1540 reve-

337 1588 357 1609 »
377 1567 473 1612 lasti
494 1583 540 1611 ea
567 1564 782 1629 parvulis;
804 1586 824 1605 n
849 1564 1042 1609 timentes
1077 1580 1193 1618 eum,
1232 1573 1273 1609 et
1295 1580 1527 1627 pauperes,
1564 1564 1608 1610 id
1633 1574 1713 1619 est,

336 1636 541 1691 humiles,
566 1634 641 1697 qui
665 1650 752 1679 non
779 1633 862 1678 alta
883 1634 1075 1695 sapiunt.
1117 1632 1189 1677 sed
1227 1632 1381 1678 timent
1404 1634 1557 1678 timore
1577 1633 1621 1679 in
1642 1633 1717 1679 illo

338 1717 454 1752 casto
478 1722 564 1751 non
580 1721 667 1768 quo
692 1720 825 1767 poena
848 1702 1125 1758 formidatur,
1149 1702 1221 1748 sed
1255 1719 1342 1766 quo
1377 1704 1512 1763 gratia
1537 1721 1713 1751 conser-

338 1787 479 1823 vatur.

402 1847 518 1893 LXI.
546 1845 654 1891 Vota
678 1862 778 1891 vero
797 1861 871 1890 sua
896 1844 1157 1890 sacrificium
1190 1844 1284 1890 vult
1319 1844 1499 1904 intelligi
1521 1846 1717 1909 corporis

340 1918 423 1973 sui,
444 1915 560 1979 quod
578 1927 639 1961 est
661 1914 853 1960 fidelium
886 1924 1216 1960 sacramentum.
1246 1913 1349 1959 ldeo
1371 1930 1482 1963 *cum
1506 1914 1674 1961 dixisset
1701 1933 1712 1960 ι

340 2008 360 2030 «
390 1987 499 2032 Vota
535 2003 627 2031 mea
656 1984 832 2030 reddam
859 2001 1005 2029 coram
1029 1984 1284 2029 timentibus
1315 2001 1412 2029 eum
1432 2005 1443 2039 ;
1466 2006 1485 2026 ›>
1511 1986 1717 2031 continuo

340 2057 589 2117 subjunxit:
614 2077 632 2097 c<
652 2055 793 2101 Edent
817 2071 1029 2118 pauperes
1052 2065 1090 2099 et
1107 2055 1432 2101 saturabuntur.
1458 2076 1477 2097 »
1493 2056 1580 2118 Ipsi
1600 2056 1714 2102 enim

341 2127 653 2173 saturabuntur
681 2142 806 2187 pane,
833 2125 908 2187 qui
938 2123 991 2169 de
1014 2124 1127 2169 coelo
1153 2124 1390 2179 descendit,
1417 2126 1492 2188 qui
1514 2126 1549 2170 ei
1571 2126 1716 2172 coliae·

339 2207 494 2250 rentes,
522 2206 562 2241 et
579 2199 667 2253 ejus
690 2212 838 2257 pacem
861 2194 1222 2258 dilectionemque
1249 2205 1465 2240 servantes
1488 2195 1716 2241 imitantur

341 2272 431 2327 eJus
452 2265 742 2311 humilitatem
767 2282 776 2310 :
800 2286 818 2304 α
840 2264 940 2309 Ideo
963 2280 1187 2326 pauperes.
1215 2286 1233 2305 »
1258 2266 1309 2310 ln
1329 2265 1412 2310 hac
1436 2276 1710 2328 paupertate,

343 2349 383 2382 et
421 2335 641 2382 saturitate
670 2335 893 2397 praecipue
926 2335 1121 2396 Apostoli
1145 2334 1406 2381 claruerunt.
1441 2332 1534 2381 «Et
1555 2336 1713 2382 lauda-

341 2430 362 2450 »
383 2408 493 2452 hunt
510 2406 742 2450 Dominum
764 2441 772 2458 ,
796 2405 962 2466 iuquit,
987 2405 1061 2466 qui
1089 2405 1426 2467 tequirunteum
1459 2424 1468 2451 z
1495 2428 1514 2447 »
1549 2406 1713 2452 intelli-

339 2488 482 2538 gentes
495 2492 578 2520 non
596 2475 843 2519 meritorum
861 2490 1055 2529 suorum,
1078 2475 1147 2519 sed
1167 2475 1280 2520 illius
1296 2492 1380 2520 esse
1401 2477 1567 2535 gratiae,
1594 2476 1712 2540 quod

338 2545 514 2594 saturati
539 2554 649 2589 sunt.
681 2544 1050 2606 Requiruntenim
1076 2562 1190 2593 eum.
1222 2546 1427 2607 quianon
1448 2557 1545 2592 sunt
1569 2547 1707 2603 exeis,

387 2632 394 2652 ¹
416 2628 492 2661 Psal.
511 2638 575 2664 xxo,
591 2626 643 2657 26.
659 2642 703 2648 —
722 2623 736 2646 ²
755 2624 872 2658 Matt'n.
894 2634 997 2656 ‚x1.--
1018 2623 1030 2647 3
1046 2622 1112 2656 psal
1149 2634 1211 2662 η’,
1234 2630 1286 2659 se'r,
1308 2640 1360 2659 ν.
