1799 3251
131 316 143 322 ,⁷
599 279 810 310 EPISTOLA
846 281 990 310 cxmx.
1389 260 1471 312 183

102 355 122 384 ί)
149 344 230 399 sui,
252 354 297 390 ut
317 344 371 390 sit
386 345 476 408 ipse
495 343 811 407 primogenitus
827 344 871 389 in
896 344 1042 390 multis
1060 344 1269 392 fratribus
1284 345 1317 393 ¹¹.
1351 348 1471 402 Quos

99 419 120 457 i>
145 425 287 460 autem
312 412 650 478 praedestinavit,
675 415 769 461 illos
791 427 834 461 et
859 417 1043 462 vocavit.
1077 414 1184 462 Haec
1209 419 1380 462 vocatio
1404 428 1468 462 est

100 506 120 526 >2
139 485 377 531 seeundum
402 486 675 550 *propositum
691 522 701 540 ‚
729 485 827 532 haee
846 497 907 531 est
942 487 1029 532 sine
1049 484 1323 550 poenitentia.
1348 488 1470 542 Quos

99 577 118 597 »
143 566 284 601 autem
306 558 494 612 vocavit,
516 557 611 603 illos
631 557 952 617 etjustificavit
969 558 1088 613 Quos
1105 557 1469 618 autemjustifica-

94 646 116 670 >2
139 627 219 683 vit,
240 627 336 673 illos
358 639 398 673 et
423 627 705 688 glorificavit:
732 628 775 673 Si
800 628 913 673 Deus
934 644 1011 691 pro
1027 629 1171 684 nobis,
1198 629 1295 692 quis
1315 639 1467 675 contra

95 718 115 739 >2
139 698 277 743 nos2'>
312 723 328 739 »

156 761 299 814 XXII.
335 771 432 813 λοι]
470 779 569 813 sunt
592 770 671 814 ista
709 768 950 827 vocatione.
980 769 1053 831 qui
1074 768 1117 812 in
1155 768 1240 813 fide
1262 785 1362 831 quae
1386 786 1464 832 per

90 837 362 884 dilectionem
382 850 603 902 operatur,
632 839 797 884 etiamsi
816 838 1086 902 aliquantum
1102 838 1345 893 ambulant,
1375 849 1461 885 non

87 920 361 970 perseverant
402 926 536 972 usque
554 908 599 954 in
619 910 747 954 finem
766 908 816 954 ³?
851 905 903 953 Et
923 909 1072 971 utique
1090 919 1327 971 potuerunt
1344 910 1458 972 rapi,

86 995 139 1024 ne
163 979 325 1025 malitia
354 990 540 1025 mutaret
564 979 832 1025 intellectum
864 997 1032 1035 eorum,
1061 978 1095 1025 si
1121 979 1174 1025 ad
1198 980 1315 1025 illam
1342 998 1461 1043 prae-

84 1048 410 1096 destinationem
441 1061 481 1096 et
498 1052 788 1106 vocationem,
804 1068 903 1114 quae
922 1051 1161 1096 seeundum
1185 1051 1458 1114 propositum

82 1130 123 1165 et
147 1120 235 1165 sine
256 1121 512 1183 poenitentia
532 1132 610 1177 est,
629 1123 908 1184 pertinerent.
941 1122 991 1165 At
1010 1138 1062 1165 ne
1083 1122 1314 1183 quisquam
1340 1138 1455 1184 prae-

81 1197 279 1268 sumptor
297 1193 353 1238 ita
371 1191 424 1237 de
447 1192 811 1252 occultisjudieet
830 1192 994 1245 alienis,
1012 1202 1057 1236 ut
1077 1191 1220 1236 dieat·
1240 1189 1343 1236 Ideo
1365 1208 1453 1249 non

80 1262 193 1330 rapti
213 1274 312 1307 sunt
333 1280 379 1308 ex
405 1255 489 1308 liae
527 1263 614 1308 vita
658 1273 889 1325 antequam
915 1272 1051 1307 essent
1075 1260 1174 1306 fidei
1197 1261 1449 1317 desertores,

79 1331 182 1394 quia
208 1332 252 1377 in
276 1332 421 1378 eadem
461 1333 548 1378 vita
569 1350 657 1377 non
684 1326 867 1377 fideliter
900 1330 1207 1386 nnbulabant.
1231 1341 1271 1376 et
1296 1331 1418 1377 hoc
1408 1349 1453 1377 m

76 1418 225 1447 eorum
257 1402 463 1448 cordibus
495 1414 671 1449 noxerat
698 1403 926 1450 Dominus
971 1401 1168 1465 quamvis
1199 1401 1455 1448 hominibus

75 1463 198 1517 aliter
216 1480 480 1536 appaoeret:
512 1472 619 1537 quid
637 1472 834 1518 dicturus
860 1471 986 1517 estde
1010 1471 1234 1518 infantulis
1256 1471 1450 1535 parvulis

74 1542 150 1605 qui
168 1543 364 1608 plerique
390 1555 568 1608 accepto
595 1544 730 1589 inilia
756 1554 880 1589 {etate
905 1543 1166 1610 Christianae
1192 1543 1342 1602 gratiae
1364 1543 1445 1589 Sa-

72 1624 310 1669 eramento,
330 1631 429 1659 cuni
452 1613 541 1659 sine
567 1614 703 1659 dubio
725 1614 988 1676 pertinerent
1008 1613 1062 1658 ad
1078 1612 1211 1658 vitam
1237 1622 1441 1658 aeternam

69 1700 336 1748 regnumque
353 1685 589 1739 coelorum,
607 1686 639 1730 si
658 1686 866 1730 continuo
890 1702 937 1729 ex
956 1684 1041 1729 hae
1064 1683 1151 1729 vita
1163 1683 1441 1743 emigrarent,

69 1753 270 1799 sinuntur
306 1772 493 1801 creseere
520 1792 529 1809 ‚
574 1766 616 1800 et
655 1754 853 1800 nonnulli
895 1754 1022 1799 etiam
1064 1763 1274 1817 apostatae
1314 1752 1441 1800 flunt.

70 1823 224 1869 Unde?
254 1824 332 1870 nisi
357 1826 459 1888 quia
493 1843 580 1870 non
606 1826 826 1888 pertinent
858 1824 911 1870 ad
943 1824 1063 1869 illam
1091 1823 1445 1887 praedestinatio-

67 1912 184 1950 nem,
211 1906 251 1940 et
282 1895 525 1941 seeundum¹
540 1897 812 1960 propositum
845 1913 894 1941 ac
914 1896 1002 1940 sine
1027 1895 1285 1958 poenitentia
1307 1912 1443 1941 voca-

64 1964 239 2012 tionem.
273 1962 363 2026 Cur
389 1978 531 2025 autem
552 1967 608 2012 ad
629 1984 723 2028 eam
745 1965 817 2012 alii
845 1966 1107 2030 pertineant,
1133 1965 1204 2010 alii
1230 1982 1314 2010 non
1338 1983 1443 2028 per-

67 2035 230 2080 tineant
251 2031 425 2082 occulta
444 2053 571 2082 causa
595 2054 680 2082 esse
700 2041 859 2100 potest,
887 2037 1045 2096 injusta
1063 2052 1149 2080 esse
1170 2052 1257 2080 non
1276 2046 1434 2098 potest.

62 2126 83 2147 «
113 2106 339 2169 Numquid
364 2107 477 2152 enim
498 2108 706 2170 iniquitas
733 2106 851 2171 apud
877 2108 1015 2152 Deum
1032 2109 1053 2152 ‘J
1083 2106 1249 2152 Absit4.
1278 2130 1295 2147 »ι
1331 2107 1442 2153 Nam

60 2186 102 2220 et
119 2175 206 2221 hoe
233 2175 288 2221 ad
312 2176 428 2222 illam
467 2178 655 2240 pertinet
681 2176 953 2223 altitudinem
984 2176 1274 2235 judiciorum,
1308 2193 1442 2240 quain

61 2245 220 2291 mirans
240 2257 445 2309 tanquam
461 2248 632 2311 expavit
654 2248 899 2312 Apostolus.
933 2247 1032 2292 {deo
1053 2247 1219 2310 quippe
1234 2247 1306 2293 illa
1326 2247 1445 2307 judi-

59 2316 125 2361 cia
149 2327 294 2368 vocat,
322 2334 375 2362 ne
400 2318 630 2381 quisquam
651 2319 751 2365 talia
776 2319 867 2364 fieri
893 2328 1036 2380 putet,
1061 2318 1148 2362 sive
1186 2317 1433 2381 iniquitate,

58 2386 145 2432 sive
183 2387 421 2432 temeritate
458 2387 671 2444 facientis,
700 2389 786 2434 sive
806 2405 905 2434 casu
929 2399 969 2432 et
988 2385 1169 2432 fortuito
1188 2386 1437 2433 labentibus

56 2452 154 2503 ullis
174 2457 377 2520 partibus
412 2465 497 2504 tam
521 2458 830 2523 dispositorum
869 2459 950 2504 sub
979 2464 1098 2503 tanta
1120 2457 1330 2520 sapientia
1358 2458 1436 2504 Dei

56 2527 330 2575 saeculorum.
1468 2536 1471 2538 ’

102 2609 315 2645 ¹Mauh.x11.
338 2621 375 2648 μ’,
407 2630 440 2634 -
461 2605 582 2644 '²Rom.
603 2625 676 2654 viii,
704 2606 756 2654 29.
780 2631 818 2636 —
843 2611 944 2656 ³Sap.
964 2621 1008 2652 ix,
1030 2623 1081 2644 11.
1104 2631 1142 2636 —
1162 2608 1183 2633 ⁴⁷
1200 2615 1296 2646 Rom.
1317 2623 1360 2650 2x,
1379 2619 1415 2649 ¹2
1433 2637 1442 2646 .
