1799 3251
323 302 349 345 :3
365 317 372 346 ι
389 317 415 346 o
731 318 766 348 ε.
810 316 1051 347 ,auflusrim
1088 317 1291 348 EPlscoPI

321 401 341 419 »
367 379 492 424 nobis
509 378 687 442 perfecti
705 379 1014 442 perficerentur
1037 381 1080 433 ¹:
1107 381 1139 425 si
1154 384 1242 439 jam
1266 380 1309 425 in
1335 379 1407 426 illa
1428 378 1698 424 resurrectio-

322 472 342 490 »
363 451 427 495 nis
443 450 771 513 incorruptione
787 451 1010 496 constituti
1028 461 1147 504 sunt,
1168 466 1268 513 quae
1286 450 1410 494 nobis
1426 448 1698 512 perficiendis

320 521 364 566 in
388 522 474 566 fine
497 520 783 584 promittitur.

382 595 439 638 X.
471 595 561 637 Cur
585 607 684 650 ergo
711 592 865 635 Petrus
895 607 963 635 eos
984 602 1155 637 tantum
1182 607 1520 636 commemorare
1545 589 1699 635 volue-

315 662 421 718 rit‘2,
444 662 607 725 quibus
632 662 676 706 in
695 678 866 706 carcere
898 661 1074 706 inclusis
1096 661 1378 729 Evangelium
1407 660 1699 724 praedicatum

312 742 391 781 θεῖ,
415 732 490 794 qui
520 733 565 777 in
591 731 745 776 diebus
773 732 884 787 Noti,
909 748 1007 776 cum
1030 730 1319 777 fabricaretur
1343 749 1457 786 arca,
1477 729 1693 776 increduli

313 800 507 857 fuerunt,
531 799 649 846 vides
676 817 806 863 quam
829 801 1094 846 latebrosum
1121 802 1192 856 sit,
1221 811 1261 846 et
1285 817 1385 863 quae
1407 817 1474 845 me
1494 811 1694 846 moveant

316 887 369 915 ne
394 870 605 915 affirmare
630 870 737 915 hinc
771 870 936 933 aliquid
976 870 1174 917 audeam.
1218 871 1318 916 Huc
1371 869 1553 925 accedit,
1593 871 1696 933 quia

315 957 416 986 cum
441 940 612 986 dixisset
639 940 894 1004 Apostolus:
930 962 947 981 α
968 941 1099 997 Quod
1120 952 1161 985 et
1180 958 1256 986 vos
1272 958 1391 986 nunc
1409 940 1537 986 simili
1559 937 1696 986 forma

319 1034 337 1050 »
355 1011 573 1074 baptisma
593 1010 730 1056 salvos
750 1011 871 1065 facit,
893 1029 979 1056 non
997 1012 1137 1057 carnis
1158 1011 1370 1074 depositio
1388 1011 1598 1067 sordium,
1621 1011 1694 1057 sed

321 1081 629 1126 »conscientiae
654 1081 784 1126 bonae
810 1081 1090 1141 interrogatio
1112 1083 1157 1127 in
1202 1083 1358 1138 Deum,
1376 1100 1455 1145 per
1478 1099 1696 1127 resurrec-

319 1173 337 1190 »
360 1151 518 1195 tionem
546 1152 648 1196 Jesu
674 1151 859 1206 Christi,
886 1153 963 1215 qui
991 1163 1053 1197 est
1072 1152 1114 1197 in
1143 1152 1318 1197 dextera
1339 1153 1434 1208 Dei,
1460 1152 1700 1211 deglutiens

320 1244 338 1262 »
353 1233 556 1277 mortem,
581 1232 631 1267 ut
654 1223 754 1267 vitae
771 1234 946 1267 aeternae
966 1222 1161 1268 haeredes
1180 1222 1463 1278 efficeremur,
1481 1221 1701 1286 profectus

317 1315 337 1333 υ
352 1293 395 1337 in
416 1291 549 1337 coelos
573 1292 779 1351 subjectis
806 1293 888 1337 sibi
917 1292 1089 1352 Angelis
1112 1304 1153 1338 et
1180 1293 1473 1338 Potestatibus
1493 1303 1535 1338 et
1554 1293 1701 1338 Virtu-

319 1363 471 1408 »tibus
500 1362 517 1390 ‘⁹'
533 1384 545 1417 ;
564 1385 583 1403 »
609 1363 818 1408 continuo
843 1363 1057 1422 subjecit:
1099 1385 1119 1403 «
1139 1364 1314 1409 Christo
1339 1364 1473 1423 igitur
1506 1363 1551 1408 in
1575 1380 1702 1408 carne

323 1454 342 1473 »
356 1449 501 1494 passo,
529 1443 570 1477 et
588 1449 663 1478 vos
677 1432 826 1478 eadem
851 1433 1029 1478 scientia
1053 1434 1306 1487 armamini;
1334 1435 1437 1496 quia
1459 1433 1534 1496 qui
1554 1450 1703 1496 passus

322 1503 469 1547 »estin
484 1519 632 1555 carne,
657 1502 782 1548 desiit
806 1521 828 1547 a
845 1503 1055 1565 peccatis,
1082 1504 1125 1548 in
1149 1503 1253 1557 hoc,
1279 1507 1432 1563 utjam
1448 1521 1535 1548 non
1553 1503 1702 1548 homi-

319 1595 332 1612 n
350 1589 451 1617 num
479 1572 716 1628 desideriis,
740 1572 815 1618 sed
837 1573 1059 1619 voluntate
1085 1573 1162 1618 Dei
1185 1573 1304 1637 quod
1331 1573 1545 1636 reliquum
1573 1585 1635 1618 est
1660 1573 1703 1618 in

321 1668 334 1681 ι»
353 1659 483 1687 carne
501 1642 619 1688 vivat
643 1653 826 1705 tempus.
854 1665 874 1683 >2
899 1644 1061 1688 Deinde
1079 1644 1164 1693 ait:
1191 1666 1206 1682 ι·
1230 1642 1400 1689 Sufficit
1414 1644 1526 1688 enim
1543 1655 1705 1706 praete-

320 1713 483 1757 »ritum
513 1723 685 1775 tempus
711 1712 764 1757 ad
790 1713 1061 1759 voluntatem
1090 1714 1322 1760 hominum
1353 1725 1704 1760 consummatum

322 1810 334 1822 ιι
355 1783 684 1829 ambulantibus
702 1784 746 1828 in
765 1783 1026 1829 libidinibus
1040 1796 1081 1830 et
1099 1785 1482 1848 concupiscentiis
1504 1797 1545 1829 et
1566 1786 1707 1830 ebrie-

328 1880 340 1893 »
361 1866 462 1901 tate.
486 1854 893 1906 comessationibus
910 1855 1231 1917 potationibUS,
1245 1867 1286 1901 et
1306 1856 1467 1901 illicitis
1490 1855 1705 1901 idolorum

326 1949 339 1962 n
358 1924 655 1978 servitutibus,
678 1925 722 1969 in
743 1941 830 1986 quo
856 1936 1116 1987 stupescunt
1149 1943 1237 1970 non
1274 1942 1534 1971 concurrere
1557 1943 1632 1970 vos
1665 1928 1706 1970 in

328 2019 342 2034 n
359 1993 553 2039 eamdem
575 1993 756 2039 luxuriae
781 1995 1076 2040 confusionem
1099 1995 1467 2057 blasphemantes
1503 1996 1588 2051 Qui
1608 1995 1709 2041 red-

330 2088 346 2104 »
362 2065 465 2109 dent
483 2064 693 2109 rationem
719 2065 770 2119 ei,
796 2064 868 2126 qui
893 2076 1072 2127 paratus
1091 2065 1365 2123 estjudicare
1383 2066 1502 2110 vivos
1531 2077 1571 2110 et
1588 2083 1709 2111 mor-—

330 2158 350 2177 »
380 2135 521 2181 tuosh.
540 2157 560 2176 n
579 2136 656 2180 His
680 2135 808 2181 dictis
853 2136 1072 2181 subnectit
1097 2154 1106 2181 :
1146 2158 1165 2176 «
1191 2138 1378 2198 Propter
1411 2137 1497 2181 hoc
1531 2138 1642 2182 enim
1669 2148 1711 2182 et

327 2230 341 2247 »
361 2206 540 2252 mortuis
559 2206 896 2266 evangelizatum
918 2217 996 2259 est,
1017 2206 1333 2266 utJ'udicentur
1354 2207 1530 2270 quidem
1555 2224 1711 2253 secun-

332 2300 345 2317 »
364 2276 468 2321 dum
490 2276 688 2321 homines
716 2276 760 2321 in
784 2293 938 2333 carne,
966 2276 1114 2322 vivant
1141 2288 1280 2323 autem
1304 2276 1542 2323 secundum
1564 2278 1705 2323 Deum

331 2371 345 2387 »
363 2349 517 2411 spiritu
536 2347 568 2393 5.
591 2368 611 2388 ›>

398 2418 476 2464 XI.
506 2417 648 2473 Quem
666 2434 753 2462 non
772 2429 943 2464 moveat
966 2418 1045 2464 ista
1066 2418 1369 2481 profunditas?
1399 2418 1583 2463 Mortuis
1606 2417 1714 2464 dicit

331 2488 669 2549 evangelizatum
689 2525 700 2544 ,
731 2505 839 2552 quos
876 2488 1072 2552 profecto
1097 2490 1129 2535 si
1175 2489 1523 2545 intellexerimus,
1553 2490 1628 2553 qui
1661 2490 1714 2535 de

374 2590 383 2611 ¹
412 2589 578 2625 Hebr.x1‚
603 2595 658 2625 4ο.
685 2587 759 2610 —2
778 2601 789 2619 1
810 2592 896 2623 Petr.
927 2600 963 2620 ιιι
981 2612 989 2625 ,
1014 2601 1069 2621 20.
1092 2608 1131 2613 -
1154 2587 1345 2622 31bid.21.
1363 2609 1403 2614 -
1422 2588 1707 2631 ⁴1d.1v,1-5.—

329 2643 341 2665 ⁵
362 2644 443 2676 lbid.
466 2645 498 2676 6.
