1799 3251
325 296 407 336 112
733 297 768 326 s,
815 291 1056 325 παι-5111111
1092 287 1294 320 eviscovi

382 366 457 413 IV.
487 364 612 410 Hanc
633 363 776 424 itaque
803 358 1123 404 distinctionem
1150 366 1260 412 tene,
1288 365 1337 401 ut
1364 355 1397 402 si
1417 357 1522 421 quid
1553 369 1590 405 te
1610 354 1684 406 ad-

319 453 543 490 monuero,
569 429 832 483 disserendo,
858 428 976 491 quod
1002 428 1060 472 ita
1084 425 1226 472 videas
1258 427 1395 472 oculis
1420 430 1560 474 carnis
1581 467 1591 485 ,
1619 430 1685 476 vel

319 507 408 553 ullo
438 505 519 551 alio
555 518 676 548 sensu
705 504 793 559 ejus
813 499 983 554 sentias,
1007 513 1080 542 seu
1105 506 1145 541 te
1167 496 1338 541 sensisse
1363 498 1551 554 recolas,
1575 499 1687 546 sicut

319 577 562 623 sentiuntur
581 572 766 625 colores,
792 570 979 629 fragores
998 605 1007 623 ,
1034 567 1189 613 odores
1210 605 1220 623 ,
1248 585 1420 630 sapores
1438 606 1449 625 ,
1472 569 1658 616 fervores
1672 608 1684 626 ,

319 658 361 693 et
384 643 542 708 siquid
567 641 683 688 aliud
699 657 776 703 per
796 656 956 702 corpus
969 637 1199 689 cernendO,
1219 637 1435 684 audiendo
1456 676 1465 694 ,
1491 640 1691 686 olfacien-

323 717 397 772 do,
424 712 652 774 gustando,
683 709 896 769 tangendo
920 709 1180 761 sentiamus3
1208 710 1352 753 autita
1376 709 1520 754 videas
1539 711 1690 756 mentis

324 787 505 839 intuitu,
533 794 579 828 ut
598 781 716 827 vides
735 781 865 825 vitam
888 816 898 833 ,
919 779 1184 824 voluntatem
1209 815 1219 832 ,
1244 778 1570 838 cogitationem,
1600 798 1692 825 rne-

323 855 521 907 moriam,
541 849 883 909 intelligentiam,
909 848 1147 902 seientiam,
1171 847 1299 892 fidem
1323 858 1440 894 tuam
1463 887 1472 903 ,
1498 861 1538 895 et
1559 850 1692 913 quid,—

322 923 429 987 quid
456 920 574 967 aliud
608 930 747 966 mente
778 918 994 981 conspicis
1012 955 1023 973 ,
1051 928 1179 981 atquc
1211 918 1269 962 ita
1306 935 1392 963 esse
1416 936 1501 964 non
1527 931 1691 965 tantum

323 991 556 1044 credendo,
584 990 655 1035 sed
680 989 808 1053 plane
826 988 1016 1034 videndo
1042 1005 1130 1033 non
1150 987 1342 1041 dubitas,
1372 989 1457 1034 hoc
1483 1007 1549 1035 me
1568 990 1694 1049 judi-

325 1082 393 1111 ces
408 1062 651 1109 ostendisse.
678 1059 809 1117 Quod
828 1071 968 1105 autem
991 1075 1078 1104 non
1096 1059 1156 1104 sic
1177 1058 1421 1115 ostendero,
1444 1071 1491 1105 ut
1511 1071 1586 1106 aut
1600 1078 1695 1107 cor-

325 1134 445 1198 poris
462 1143 536 1179 aut
556 1130 684 1177 animi
717 1146 839 1175 sensu
870 1130 1006 1175 visum
1036 1139 1378 1192 perceptumque
1404 1140 1596 1176 teneatur
1616 1169 1627 1187 ,
1656 1142 1698 1176 et

329 1217 473 1251 tamen
498 1203 642 1249 dixero
679 1200 843 1264 aliquid
864 1237 874 1255 ,
903 1210 1010 1263 quot
1034 1209 1110 1244 aut
1137 1215 1285 1244 verum
1309 1200 1482 1261 quidem
1516 1212 1589 1246 aut
1614 1201 1698 1246 fal-

329 1292 424 1322 sum
447 1291 533 1320 esse
556 1289 722 1318 necesse
747 1272 818 1325 sit,
846 1269 919 1315 sed
947 1269 1063 1322 nullo
1085 1269 1261 1314 illorum
1288 1269 1423 1315 (luum
1455 1288 1605 1330 genere
1629 1272 1699 1317 vi-

332 1346 512 1398 deatum
538 1354 668 1388 restat
690 1352 737 1387 ut
756 1340 1058 1386 tantummodo
1078 1340 1280 1385 credatur
1295 1340 1357 1385 vel
1376 1358 1461 1386 non
1475 1342 1694 1389 credatur.

334 1416 418 1462 Sed
442 1416 475 1461 si
499 1414 742 1460 divinarum
770 1412 1095 1474 Scripturarum
1115 1448 1124 1463 ,
1151 1427 1296 1456 earum
1320 1411 1484 1457 scilicet
1506 1429 1605 1475 quae
1624 1430 1702 1459 ca-

333 1487 501 1534 nonicae
523 1485 567 1530 iu
594 1484 783 1529 Ecclesia
809 1483 1105 1537 nominantur,
1129 1482 1359 1545 perspicua
1388 1483 1586 1529 firmatur
1606 1500 1704 1529 auc-

336 1557 534 1612 toritate,
555 1554 644 1600 sine
668 1553 754 1599 ulla
776 1553 1051 1598 dubitatione
1075 1550 1343 1597 credendum
1368 1563 1443 1598 est.
1472 1552 1576 1599 Aliis
1604 1570 1704 1598 vero

337 1628 519 1674 testibus
550 1624 614 1670 vel
641 1624 892 1669 testimoniis
909 1660 919 1679 ,
947 1623 1108 1685 quibus
1133 1622 1297 1685 aliquid
1320 1622 1583 1668 credendum
1619 1640 1705 1669 esse

335 1696 558 1749 suadetur,
585 1694 665 1739 tibi
694 1693 864 1739 credere
879 1694 944 1738 vel
964 1711 1049 1738 non
1070 1693 1243 1738 credere
1262 1692 1407 1745 liceat,
1425 1704 1636 1755 quantum
1657 1710 1705 1739 ea

336 1767 544 1813 momenti
566 1765 618 1809 ad
641 1763 886 1809 faciendum
917 1763 1047 1809 sidem
1072 1763 1138 1808 vel
1163 1763 1323 1807 habere
1349 1761 1415 1808 vel
1440 1779 1524 1808 11011
1546 1763 1706 1809 habere

337 1835 630 1901 perpenderis.

402 1908 453 1954 V.
485 1906 529 1952 Si
549 1905 660 1950 euim
679 1921 725 1949 ea
745 1920 843 1966 quae
869 1919 954 1947 non
982 1902 1168 1947 vidimus
1185 1940 1195 1957 ,
1224 1903 1309 1947 hoe
1334 1913 1411 1958 est,
1435 1903 1476 1948 in
1506 1905 1707 1967 praesenti

341 1976 595 2041 apparentia
631 1992 717 2020 non
751 1974 959 2018 sensimus
991 1973 1056 2018 vel
1084 1983 1223 2018 mente
1243 1972 1308 2017 vel
1333 1989 1514 2036 corpore
1533 2011 1543 2025 ,
1568 1991 1707 2037 neque

338 2048 391 2094 de
414 2046 651 2109 Scripturis
676 2045 833 2090 sanctis
850 2042 1112 2102 vellegendo
1130 2043 1196 2088 vel
1218 2042 1432 2088 audiendo
1457 2043 1707 2100 didicimus,

337 2118 458 2163 nulla
481 2116 658 2162 omuino
679 2113 1025 2162 credidissemus.
1056 2113 1171 2159 unde
1189 2113 1393 2158 sciremus
1407 2131 1492 2160 esse
1514 2115 1708 2160 civitates

341 2188 419 2233 ubi
444 2203 663 2248 nunquam
692 2185 878 2236 fuimus3
903 2183 970 2228 vel
997 2202 1017 2228 a
1042 2182 1232 2228 Romulo
1255 2183 1475 2228 conditam
1499 2185 1703 2239 Romam,

340 2256 425 2308 vel,
454 2255 567 2300 utdc
591 2254 872 2317 propioribus
896 2252 1049 2315 loquar
1065 2289 1074 2298 .
1104 2253 1523 2315 Constantinopolim
1552 2272 1570 2298 a
1593 2254 1709 2300 Con-

339 2327 555 2371 stantino?
584 2324 708 2369 [nde
734 2333 950 2385 postremo
975 2323 1178 2367 sciremus
1211 2323 1388 2385 quinam
1416 2334 1612 2385 parentes
1631 2341 1708 2369 uos

346 2395 707 2458 procreavissent,
739 2394 900 2456 quibus
925 2394 1147 2456 patribus,
1171 2395 1259 2438 avis
1277 2430 1286 2447 ,
1316 2394 1555 2453 majoribus
1577 2394 1706 2453 geniti

339 2468 555 2511 essemus?
585 2464 755 2509 Talium
780 2464 947 2526 quippe
970 2481 1069 2509 cum
1098 2464 1286 2527 plurima
1311 2463 1512 2519 sciamus,
1537 2481 1624 2508 11011
1640 2475 1707 2509 ta-

340 2553 437 2580 men
458 2552 505 2579 ea
526 2534 591 2578 vel
619 2534 707 2578 ullo
732 2550 854 2578 sensu
879 2535 1124 2596 praeseutia,
1151 2534 1262 2579 sicut
1280 2533 1429 2589 solem,
1447 2534 1557 2579 sicut
1574 2535 1706 2580 nostri

340 2605 467 2650 animi
489 2603 752 2651 voluntatem
772 2639 782 2658 ,
813 2603 878 2648 vel
913 2605 1223 2650 canonicorum
1250 2603 1519 2666 eloquiorum
1553 2616 1706 2650 aucto-
