1799 3251
582 245 793 277 ErisTOLA
828 248 1013 277 chxxv.
1383 230 1478 286 [155

106 316 249 370 lorum
276 314 527 361 seductione
548 311 774 377 perdendi.
808 311 853 357 Si
873 322 1015 357 autem
1039 311 1229 356 veritatis
1257 310 1474 373 praedica-

107 386 222 432 tione
243 384 366 430 furor
388 400 536 428 eorum
554 382 607 427 ad
627 381 892 427 saeviendum
912 391 1240 444 provocaretur,
1261 380 1479 442 aliquibus

105 455 298 503 liberatis
315 454 557 517 nostrisque
583 452 787 507 firmatis,
809 469 955 497 rursus
981 470 1003 496 a
1031 451 1244 514 sequenda
1272 452 1473 506 veritate,

107 525 295 572 formido
320 524 550 587 impediret
572 523 778 568 infirmos.
807 526 919 567 Cum
948 522 1081 581 igitur
1103 521 1170 565 his
1191 521 1394 578 angustiis
1413 520 1480 565 af-

108 595 325 656 fligeretur
343 594 533 640 Ecclesia
547 630 556 648 ‚
578 592 770 656 quisquis
788 592 999 637 existimat
1019 591 1162 636 omnia
1182 592 1327 653 potius
1346 591 1475 636 susti-

109 661 250 726 nenda
268 701 277 718 ,
305 681 436 727 quam
463 663 539 708 Dei
566 661 770 707 auxilium
791 699 802 716 ,
827 672 874 706 ut
899 678 978 724 per
998 661 1255 706 christianos
1283 662 1481 723 impera-

108 745 220 780 tores
257 733 458 789 ferretur,
499 732 627 777 fuisse
668 731 933 794 poscendum
954 768 964 786 ‚
994 747 1149 792 parum
1184 730 1367 774 attendit
1396 748 1485 776 non

108 804 269 850 bonam
293 803 345 848 de
361 803 444 848 hac
464 802 723 862 negligentia
746 801 869 846 reddi
894 801 1084 864 potuisse
1103 800 1327 845 rationem.

173 874 293 919 XIX.
321 872 451 930 Quod
477 872 590 916 enim
626 871 807 927 dicunt,
840 872 916 934 qui
938 881 1088 915 contra
1120 887 1216 915 suas
1242 870 1484 932 impietates

108 943 218 1004 leges
240 948 378 1003 justas
413 942 580 988 institui
604 942 786 997 nolunt,
813 959 900 986 non
930 942 1097 1003 petiisse
1116 959 1138 985 a
1166 940 1338 1000 regibus
1358 951 1481 986 terrae

113 1014 341 1078 Apostolos
365 1012 463 1058 talia
479 1048 489 1070 ,
504 1029 591 1057 non
610 1012 883 1058 considerant
899 1010 1152 1056 aliudfuisse
1170 1021 1274 1055 tunc
1295 1022 1371 1056 tem
1382 1028 1479 1074 puS,

109 1095 151 1130 et
174 1084 319 1129 onmia
339 1083 424 1128 suis
445 1082 716 1145 temporibus
743 1082 822 1142 agi.
857 1082 967 1138 Quis
991 1081 1105 1126 enim
1126 1092 1232 1126 tune
1256 1081 1301 1126 in
1327 1081 1482 1127 Chris*-

110 1165 202 1201 tum
224 1154 465 1200 crediderat
493 1154 749 1216 Imperator,
775 1152 849 1216 qui
869 1152 906 1197 ei
928 1169 1009 1215 pro
1034 1153 1192 1215 pietate
1222 1163 1372 1197 contra
1402 1152 1482 1197 im-

109 1225 316 1290 pietatem
354 1223 464 1283 leges
506 1222 682 1268 ferendo
718 1223 920 1277 serviret,
966 1221 1145 1285 quando
1185 1221 1334 1267 adhuc
1374 1220 1485 1267 illud

103 1294 411 1359 propheticum
436 1294 745 1356 complebatur
773 1311 783 1338 :
811 1314 831 1333 «
851 1293 996 1349 Quare
1023 1291 1292 1337 fremuerunt
1312 1302 1455 1351 gentes
1472 1327 1483 1347 ,

107 1386 126 1405 >2
154 1375 195 1409 et
214 1364 370 1428 populi
391 1364 587 1409 meditati
607 1375 707 1409 sunt
726 1363 902 1409 inania?
931 1365 1168 1408 Astiterunt
1194 1379 1310 1422 reges
1328 1373 1449 1408 tcrrae
1465 1399 1474 1414 ‚

105 1456 126 1476 >³
151 1447 191 1481 et
210 1436 432 1499 principes
451 1445 747 1480 convenerunt
767 1435 810 1479 in
830 1451 966 1479 unum
992 1433 1197 1479 adversus
1216 1433 1454 1478 Dominum
1471 1469 1481 1489 ,

105 1528 125 1548 n
150 1516 190 1551 et
209 1505 409 1551 adversus
424 1504 651 1550 Christum
669 1504 798 1564 ejusl.
823 1526 842 1546 >2
861 1504 1068 1550 Nondum
1088 1514 1232 1549 autem
1247 1503 1475 1563 agebatur,

103 1575 225 1640 quod
256 1575 388 1639 paulo
413 1585 511 1637 post
542 1575 586 1620 in
614 1575 764 1620 eodem
797 1574 971 1620 Psalmo
1003 1574 1194 1619 dicitur:
1217 1595 1236 1615 α
1254 1574 1308 1619 Et
1331 1590 1475 1629 nunc,

106 1665 128 1686 >³
153 1662 268 1705 reges
284 1683 293 1700 ,
321 1644 569 1704 intelligite,
591 1644 823 1690 erudimini
843 1644 1144 1708 quijudicatis
1175 1653 1347 1689 terram.
1376 1647 1478 1689 Ser-

106 1736 128 1757 »
156 1715 240 1760 vite
269 1715 457 1760 Domino
479 1715 522 1760 in
541 1714 716 1769 timore,
737 1725 777 1760 et
803 1714 988 1760 exultate
1012 1715 1050 1760 ei
1079 1731 1180 1760 cum
1205 1714 1432 1760 tremore2.
1457 1736 1477 1756 »

107 1785 341 1842 Quomodo
373 1802 472 1845 ergo
492 1802 608 1845 reges
632 1785 818 1831 Domino
849 1786 1040 1831 serviunt
1067 1785 1114 1830 in
1134 1785 1286 1830 timore
1302 1821 1312 1840 ,
1333 1784 1415 1829 nisi
1432 1802 1480 1829 ea

106 1873 206 1920 quae
219 1867 370 1902 contra
384 1860 499 1916 jussa
517 1856 693 1901 Domini
714 1857 827 1902 fiunt
844 1894 854 1912 ,
876 1856 1071 1916 religiosa
1093 1855 1314 1901 severitate
1333 1855 1482 1919 prohi-

107 1925 254 1971 bendo
279 1937 408 1988 atque
438 1925 702 1988 plectendo?
728 1926 865 1972 Aliter
893 1926 1008 1971 enim
1043 1927 1194 1982 servit,
1219 1926 1321 1989 quia
1349 1926 1483 1971 homo

108 2006 170 2041 est
188 2032 199 2051 ,
226 1995 345 2041 aliter
376 1996 479 2059 quia
507 1996 637 2041 etiam
671 2013 742 2042 rex
766 2007 840 2042 est.
871 1996 984 2053 Quia
1008 1996 1142 2042 homo
1171 2007 1256 2051 est,
1284 1996 1322 2040 ei
1353 1998 1482 2041 servit

107 2065 294 2112 vivendo
317 2065 501 2111 fideliter
525 2083 535 2110 :
560 2066 662 2129 quia
685 2083 786 2111 vero
821 2066 950 2111 etiam
989 2083 1056 2111 rex
1094 2076 1178 2119 est,
1217 2066 1346 2111 servit
1370 2065 1479 2125 leges

103 2139 218 2196 Justa
244 2136 546 2199 praecipientes
569 2147 610 2181 et
634 2136 854 2181 contraria
880 2136 1178 2199 prohibentes.
1207 2137 1482 2182 convenienti

108 2206 256 2266 vigore
273 2206 519 2252 sanciendo.
556 2206 680 2252 Sicut
710 2207 886 2253 servivit
916 2207 1122 2252 Ezechias
1139 2244 1148 2262 ‚
1170 2206 1290 2253 lucos
1314 2217 1355 2253 et
1374 2217 1484 2253 tem-

109 2277 183 2341 pla
214 2276 430 2322 idolorum
450 2314 460 2333 ,
499 2287 540 2322 et
563 2276 637 2322 illa
667 2278 827 2324 excelsa
850 2295 950 2342 quae
977 2288 1128 2323 contra
1152 2289 1374 2342 praecepta
1407 2278 1485 2324 Dei

109 2347 280 2394 fuerant
313 2357 562 2393 constructa
586 2346 876 2394 destruend0³
914 2367 924 2393 :
959 2349 1072 2394 sicut
1106 2348 1281 2395 servivit
1314 2348 1479 2404 Josias‚

111 2418 214 2464 talia
238 2428 280 2463 et
313 2418 403 2481 ipse
436 2417 662 2463 faciend04
691 2436 702 2464 ι
730 2419 841 2465 sicut
866 2419 1042 2465 servivit
1068 2436 1139 2465 rex
1162 2419 1452 2464 Ninivitarum
1470 2455 1480 2473 ,

112 2489 356 2535 universam
389 2487 606 2535 civitatem
640 2489 694 2535 ad
729 2489 995 2553 placandum
1036 2490 1272 2536 Dominum
1299 2489 1489 2556 compel-

167 2571 271 2609 ¹Psal.
288 2584 331 2614 11,
351 2584 381 2607 1.
399 2571 577 2609 —21bid,
597 2585 703 2606 10.-—-
722 2571 736 2596 3
752 2581 770 2612 ι’,
786 2578 862 2617 Reg.
881 2586 971 2614 xxxii,
993 2581 1023 2613 4.
1043 2592 1088 2598 -
1103 2572 1115 2596 ⁴
1131 2574 1180 2608 Id.
1202 2582 1342 2613 xx111,4,
1359 2575 1388 2605 5.
