1799 3251
320 278 413 334 406
729 297 761 323 s,
806 295 1045 325 Ater-snm
1082 296 1283 326 EPISCOPl

318 356 567 402 mediatoris
588 358 666 404 Dei
685 369 723 403 et
743 358 970 404 hominum
990 396 1000 414 ‚
1026 358 1216 405 hominis
1242 360 1408 406 Christi
1428 361 1553 407 Jesu1
1577 380 1589 409 :
1613 364 1689 426 qui

315 437 358 472 et
389 427 506 472 Deus
543 444 644 473 cum
680 439 810 477 esset,
844 428 1065 475 hominem
1102 428 1231 484 fecit3
1271 440 1312 476 et
1343 448 1517 477 manens
1541 432 1684 490 Deus,

314 497 450 544 bomo
474 497 612 544 factus
637 499 783 544 refecit
800 499 892 563 ipse
916 500 1034 563 quod
1058 499 1174 547 fecit.

379 568 481 615 XII.
511 570 625 614 Puto
637 580 777 614 autem
799 569 915 633 quod
931 587 1030 616 eum
1049 571 1200 627 lateat,
1225 570 1356 616 fidem
1376 572 1566 628 Christi,
1589 589 1689 636 quae

310 649 458 703 postea
482 639 527 685 in
550 640 853 687 revelationem
887 642 1002 687 venit
1023 679 1033 698 ‚
1058 642 1104 688 in
1129 641 1304 688 occulto
1328 642 1456 689 fuisse
1478 645 1686 707 tempori-

305 710 392 764 ,bus
415 720 592 773 patrum
626 721 896 765 nostrorum3
921 729 999 775 per
1026 729 1156 776 quam
1182 723 1324 758 tamen
1347 713 1476 759 etiam
1496 714 1579 777 ipsi
1609 714 1688 759 Dei

307 780 444 839 gratia
463 779 634 826 liberati
652 792 778 838 sunt,
805 782 1074 846 quicumque
1093 782 1296 827 omnibus
1318 782 1504 829 humani
1525 784 1688 844 generis

304 851 580 914 temporibus
596 851 773 898 liberari
789 863 1029 917 potuerunt
1046 890 1057 909 ‚
1085 853 1259 899 occulto
1276 852 1444 912 judicio
1472 855 1576 909 Dei,
1600 871 1688 900 non

306 931 453 967 tamen
489 923 785 986 vituperabili.
819 924 943 969 Unde
977 923 1086 970 dicit
1126 923 1396 987 Apostolus:
1424 945 1443 965 «
1471 925 1688 971 Habentes

306 1012 327 1032 >2
355 1002 497 1038 autem
517 994 718 1056 spiritum
744 993 842 1040 fidei
857 1031 867 1049 ‚
890 998 907 1056 ζ
922 995 1071 1057 utiquc
1091 995 1290 1039 eumdem
1307 1011 1436 1056 quem
1457 1005 1497 1040 et
1511 994 1601 1057 illi)
1619 1012 1687 1040 se-

305 1082 326 1103 »
353 1061 550 1107 cundum
575 1063 690 1126 quod
715 1065 925 1127 seriptum
949 1076 1010 1110 est
1033 1083 1042 1109 :
1069 1063 1244 1110 Credidi
1265 1102 1275 1119 ‚
1299 1076 1481 1127 propter
1505 1065 1622 1127 quod
1645 1075 1687 1110 et

308 1153 327 1172 »
352 1131 524 1177 locutus
551 1150 642 1178 sum
667 1156 675 1185 ;
714 1146 755 1178 et
796 1152 872 1180 nos
910 1135 1152 1187 eredimus,
1188 1147 1368 1197 propter
1394 1134 1513 1198 quod
1551 1147 1592 1181 et
1616 1136 1686 1181 lo-

303 1223 325 1245 »
349 1203 567 1266 quimur‘2.
590 1227 608 1245 υ
630 1205 736 1250 lnde
752 1206 950 1269 estquod
975 1205 1138 1269 aitipse
1157 1206 1397 1250 Mediator:
1416 1228 1434 1246 «
1461 1207 1685 1251 Abraham

304 1295 325 1315 >2
350 1285 476 1336 pater
495 1286 631 1320 vester
655 1277 910 1339 concupivit
932 1276 1075 1322 videre
1096 1276 1209 1321 diem
1232 1293 1375 1321 meum
1395 1296 1406 1330 3
1429 1287 1470 1321 et
1492 1276 1621 1332 vidit,
1644 1288 1685 1322 et

305 1364 327 1384 ))
355 1344 523 1404 gavisus
547 1346 654 1392 esti'.
682 1369 698 1387 »-
721 1347 828 1392 Inde
850 1346 1178 1393 Melchisedech
1203 1347 1375 1410 prolato
1405 1346 1684 1392 Sacramento

302 1432 461 1462 mensae
501 1416 771 1464 Dominicael⁸
793 1456 803 1475 ,
851 1419 971 1464 novit
1009 1428 1221 1464 aeternum
1263 1421 1355 1477 ejus
1395 1417 1684 1463 sacerdotium

308 1485 508 1545 figurare.

370 1559 495 1606 XIII.
529 1560 627 1604 Jam
645 1578 742 1606 *fero
763 1561 864 1607 data
884 1562 929 1606 in
947 1561 1098 1607 litteris
1116 1564 1227 1621 Lege
1243 1599 1253 1618 ‚
1275 1578 1406 1624 quam
1425 1560 1532 1606 dicit
1549 1562 1684 1624 Apos-

307 1628 420 1674 tolus
439 1629 702 1676 subintrasse
725 1643 770 1677 ut
788 1632 1030 1678 abundaret
1049 1633 1256 1678 delictum
1273 1669 1285 1687 ,
1308 1631 1421 1677 etde
1439 1648 1525 1695 qua
1548 1631 1680 1677 dicit:

305 1718 326 1740 «
354 1698 398 1744 Si
426 1716 525 1759 ergo
551 1717 596 1745 ex
620 1701 732 1761 Lege
769 1702 1000 1748 haereditas
1018 1741 1028 1758 ‚
1054 1707 1146 1762 jam
1176 1720 1264 1748 non
1298 1719 1344 1747 ex
1378 1703 1676 1765 promissione,

305 1790 327 1812 »
353 1769 546 1815 Abrahae
587 1782 732 1817 autem
769 1791 846 1836 per
893 1774 1272 1837 repromissionem
1315 1772 1495 1818 donavit
1547 1773 1675 1818 Deus.

306 1860 327 1881 »
352 1839 473 1896 Quid
494 1852 638 1887 autem
664 1844 774 1889 Lex?
799 1845 1164 1904 'sransgressiouis
1186 1844 1320 1904 gratia
1344 1843 1567 1906 proposita
1588 1853 1649 1887 est
1667 1879 1678 1898 ,

307 1932 328 1952 »
353 1910 492 1956 donec
517 1913 681 1958 veniret
705 1931 846 1960 semen
865 1953 875 1971 ,
900 1916 971 1960 cui
1006 1915 1269 1978 promissum
1307 1924 1390 1970 est,
1422 1913 1681 1976 dispositum

308 2003 328 2022 »
356 1999 432 2044 per
457 1982 639 2043 Angelos
659 1983 702 2029 in
720 2002 851 2031 manu
876 1986 1139 2032 Medi-amris,
1161 1985 1379 2030 Mediator
1397 1994 1538 2029 autem
1556 1983 1683 2028 unius

310 2073 331 2094 »
360 2068 446 2096 non
466 2062 553 2108 est,
578 2056 696 2099 Deus
715 2066 858 2100 autem
885 2072 996 2101 unus
1019 2066 1095 2103 est.
1123 2057 1207 2101 Lex
1225 2072 1325 2114 ergo
1351 2053 1553 2099 adversus
1572 2070 1680 2116 pro-

306 2143 326 2163 »
352 2123 476 2167 missa
501 2123 609 2169 Dei?
642 2125 766 2171 absit.
819 2126 864 2171 Si
901 2126 1016 2172 enim
1053 2126 1154 2172 data
1177 2136 1282 2171 esset
1304 2128 1388 2170 Lex
1419 2141 1519 2187 quae
1539 2133 1681 2187 posset

304 2211 325 2232 »
352 2191 570 2238 vivificare
588 2230 598 2248 ‚
627 2195 804 2240 omnino
829 2213 872 2240 ex
894 2197 1006 2256 Lege
1026 2207 1130 2242 esset
1147 2195 1328 2255 justitia.
1362 2194 1447 2239 Sed
1468 2193 1681 2239 conclusit

304 2283 323 2302 »
349 2261 575 2324 Scriptura
597 2265 740 2310 omnia
755 2267 836 2310 sul>
855 2278 1060 2328 peccato,
1089 2277 1136 2312 ut
1158 2265 1385 2328 promissio
1403 2281 1449 2309 ex
1473 2263 1559 2308 fide
1578 2264 1680 2308 Jesu

303 2352 324 2373 >2
348 2332 512 2377 Christi
534 2333 709 2380 daretur
735 2337 1012 2382 credentibus
1028 2338 1060 2384 5.
1088 2360 1106 2379 υ
1139 2338 1292 2382 Nonne
1316 2336 1416 2381 satis
1440 2333 1680 2379 ostenditur

299 2402 388 2448 hoc
419 2413 563 2449 aetum
587 2421 673 2450 esse
711 2424 786 2468 pei·
818 2409 969 2468 Legem
990 2446 1000 2465 ‚
1021 2418 1068 2453 ut
1097 2418 1326 2471 peccatum
1354 2415 1674 2465 agnosceretur,

298 2483 340 2518 et
374 2475 732 2537 praevaricatione
764 2483 1025 2539 augeretur?
1049 2480 1102 2542 (a
1122 2479 1212 2525 Ubi
1239 2478 1351 2524 enim
1386 2477 1448 2522 lex
1473 2493 1558 2521 non
1588 2486 1672 2531 est,

348 2573 357 2594 ¹
378 2584 391 2604 1
414 2573 496 2606 Tim.
516 2586 550 2613 n,
567 2577 598 2609 5,
621 2594 657 2599 —
683 2576 697 2598 '²
716 2589 730 2607 2
749 2580 820 2609 Cor.
838 2587 878 2617 xv,
897 2581 951 2620 13,
970 2585 1001 2611 et
1018 2579 1100 2613 Psal.
1123 2591 1194 2621 cxv,
1214 2575 1328 2616 1.—³
1343 2580 1442 2611 JOfffl·
1464 2587 1537 2617 ΠΗ,
1557 2575 1612 2606 56·
1632 2591 1676 2599 ‘-

295 2625 310 2651 ⁴
324 2629 410 2662 Gen.
431 2641 500 2671 xW,
515 2631 570 2666 18.
589 2650 631 2656 —
652 2630 664 2653 ὓ
685 2633 788 2666 Galat.
807 2646 857 2679 ιιι,
879 2635 1002 2676 18,19.
