1799 3251
366 276 426 343 98
785 296 818 325 s,
863 294 1105 325 Ans-usum
1141 290 1345 325 muscom

368 372 573 426 praestare
594 359 748 423 aliquis
765 370 932 422 potest,
953 360 1128 419 adJ'uvet
1144 359 1404 422 imperitiam
1425 376 1563 406 meam
1585 377 1596 406 :
1617 352 1738 423 quod

368 434 402 479 si
419 449 505 477 non
531 440 693 493 potest,
714 446 801 474 non
827 428 974 492 culpet
999 430 1321 475 cunctationem
1347 446 1503 476 meam.

433 504 534 548 XII.
563 507 626 546 De
645 500 889 559 virginitate
915 511 1058 545 autem
1083 510 1244 545 sanctae
1271 500 1444 555 Mariae,
1469 500 1502 545 si
1519 500 1605 545 hoc
1618 499 1739 563 quod

368 573 520 636 scripsi
538 588 625 616 non
650 569 879 634 persuadet
906 571 996 615 fieri
1018 571 1206 633 potuisse
1222 607 1233 626 ‚
1264 569 1460 629 neganda
1477 580 1576 615 sunt
1595 569 1740 618 omnia

369 660 468 707 quae
490 641 743 687 mirabiliter
767 641 812 686 in
837 642 1098 704 corporibus
1118 640 1384 687 acciderunt.
1413 639 1546 698 Quod
1562 640 1594 685 si
1608 656 1743 703 prop-

370 725 481 760 terea
518 730 606 758 non
637 712 847 768 creditur,
886 713 988 774 quia
1021 711 1149 757 semel
1182 710 1346 757 factum
1384 722 1465 768 est,
1502 727 1649 774 quaere
1685 709 1742 754 ab

371 784 534 839 annm,
563 800 691 847 quem
717 783 803 827 hoc
829 782 976 828 adhuc
1002 793 1168 838 movet,
1191 792 1334 827 utrum
1367 781 1481 827 nihil
1499 779 1744 827 inveniatur

369 855 413 901 in
441 854 592 900 litteris
612 853 867 899 saeularibus
885 890 894 908 ‚
920 852 1037 916 quod
1051 863 1092 898 et
1115 853 1244 898 semel
1262 851 1426 898 factum
1446 851 1524 907 sit,
1544 861 1586 896 et
1602 861 1744 896 tamen

372 924 583 970 creditum
617 941 703 970 non
737 922 939 969 fabulosa
973 924 1185 980 vanitate,
1228 922 1300 968 sed
1333 923 1444 969 sicut
1471 922 1741 975 existimant,

370 994 576 1040 historica
595 993 678 1038 fide
697 1031 707 1049 ‚
730 1010 878 1056 quaere
896 1031 905 1049 ,
928 993 1112 1039 obsecro
1132 1007 1187 1041 te.
1212 993 1258 1039 Si
1281 993 1392 1038 enim
1414 992 1498 1039 tale
1520 989 1684 1055 aliquid
1702 990 1746 1035 in

370 1064 453 1110 illis
468 1064 618 1109 litteris
638 1063 823 1109 inveniri
848 1064 1091 1123 negaverit,
1116 1062 1413 1109 admonendus
1435 1073 1526 1120 est,
1546 1062 1579 1108 si
1605 1070 1747 1112 autem

368 1133 502 1180 fassus
520 1134 678 1189 fuerit,
703 1133 842 1178 soluta
866 1134 1053 1196 quaestio
1081 1144 1156 1182 est.

375 1299 502 1315 Μιννινὶ
509 1301 552 1315 xvv
560 1300 594 1315 ,ὅτ
601 1301 687 1314 κνῑκνν
694 1301 782 1315 Νννννὶ
802 1301 829 1315 Vt
836 1302 875 1315 ιὶῑ
881 1301 1015 1316 κᾺΧᾺὶΑΑ
1022 1300 1340 1316 ΝΊΝΜἋὶΚΝιῑνΝἫΚΚΝΚἋ
1347 1300 1436 1315 umus}
1442 1298 1530 1314 ustum
1536 1298 1670 1314 ΜΝἏΜ
1683 1297 1752 1315 ΛΜ

804 1421 1068 1464 EPISTOLA
1104 1421 1275 1464 CXLIV
1293 1422 1324 1463 ¹.

382 1545 561 1584 Dominis
593 1545 894 1584 honorabilibus
928 1555 965 1584 et
995 1546 1138 1584 merito
1157 1545 1407 1596 suscipiendis
1425 1575 1434 1593 ,
1457 1545 1692 1586 charissimis
1711 1559 1755 1592 ac

434 1608 772 1646 desideratissimis
791 1607 978 1646 fratribus
997 1609 1036 1645 in
1055 1608 1161 1646 omni
1200 1607 1401 1646 honorum
1432 1606 1559 1660 gradu
1588 1607 1754 1654 (1111sssz-

436 1684 555 1714 smus,
576 1671 816 1707 Amusm-cs
835 1670 1050 1720 episcopus.

387 1810 663 1866 Augustinus
683 1809 959 1850 Cirtensibus
975 1823 1001 1848 a
1017 1807 1209 1864 factione
1227 1807 1564 1849 Donatistarum
1585 1821 1761 1849 conver·

446 1877 502 1917 δῖε
525 1876 583 1917 act
618 1876 817 1918 Ecclesiae
841 1875 1065 1917 catholiam
1096 1875 1342 1917 societatem
1372 1875 1624 1933 gratulatur
1643 1891 1657 1917 .·
1681 1874 1760 1916 ad-

448 1958 627 1985 monens
650 1955 693 1985 ut
718 1943 795 1985 hoe
819 1944 973 1984 divirzo
990 1942 1191 1985 tribuant
1211 1944 1403 1984 muneri.

458 2089 491 2135 l.
528 2089 573 2133 Si
593 2088 638 2133 id
661 2088 780 2151 quod
800 2088 842 2134 in
869 2099 1008 2134 vestra
1031 2088 1205 2134 civitate
1225 2104 1302 2134 nos
1317 2088 1505 2148 graviter
1529 2085 1764 2133 contrista-

391 2160 469 2204 bat
487 2196 496 2211 ,
532 2158 813 2221 absumptum
833 2168 917 2214 est,
946 2159 980 2203 si
1006 2157 1166 2204 duritia
1189 2157 1334 2205 cordis
1352 2157 1534 2204 humani
1568 2157 1766 2210 resistens

391 2227 747 2273 manifestissimae
771 2238 812 2272 et
837 2226 1027 2290 quodam
1065 2227 1194 2273 modo
1226 2227 1420 2290 publicae
1454 2226 1624 2272 veritati
1646 2229 1764 2285 ejus-

392 2297 491 2343 dem
511 2298 699 2343 veritatis
719 2298 761 2343 vi
787 2299 925 2343 evicta
951 2307 1039 2352 est,
1061 2297 1095 2342 si
1114 2297 1226 2360 sapit
1243 2296 1429 2343 dulcedo
1448 2297 1567 2360 pacis
1583 2333 1593 2352 ‚
1616 2295 1765 2341 unita-

393 2369 532 2430 tisque
556 2368 743 2414 charitas
778 2385 864 2413 non
894 2371 984 2426 jam
1015 2367 1261 2412 reverberat
1295 2367 1442 2413 oculos
1477 2366 1666 2419 saucios,
1693 2362 1766 2410 sed

395 2455 519 2484 sanos
539 2438 724 2484 illustrat
759 2455 806 2484 ac
830 2448 1025 2498 vegetat3
1065 2454 1151 2482 non
1178 2448 1278 2483 sunt
1301 2437 1400 2483 haec
1435 2454 1565 2501 opera
1589 2446 1734 2482 nostra
1752 2471 1764 2491 ‚

440 2545 451 2566 ¹
484 2545 569 2576 Alias
595 2557 692 2580 cxxx.
722 2557 792 2587 quae
819 2553 924 2578 autem
958 2552 1021 2584 144
1047 2551 1133 2583 erat,
1165 2556 1249 2577 nunc
1278 2548 1353 2582 1453.
1384 2565 1425 2569 —
1450 2546 1574 2589 Scripta
1599 2544 1683 2583 circa
1702 2542 1766 2579 hoe

398 2607 536 2643 tempus.
