1799 3251
582 283 794 314 EPISTOLA
829 285 972 316 cnxw.
1361 272 1452 320 323

315 417 392 463 DE
429 416 686 464 ORIGINE
724 418 925 464 ANHLE
963 418 1222 465 HOMINIS

673 533 875 572 LIBER

748 651 803 672 SOU

520 743 785 788 EPISTOLA
819 743 987 789 CLXVI
1007 745 1037 786 ¹.

88 871 365 930 Augustinus
410 869 708 927 Hieronymo,
758 883 980 911 recensens
1015 869 1166 911 varias
1207 869 1258 909 de
1298 870 1463 912 animm

142 939 313 996 origine
345 939 578 980 sententias
601 970 609 984 ,
639 939 760 994 cupit
790 937 937 978 doceri
968 952 1064 991 quoe
1088 937 1368 993 potissimum
1403 947 1461 978 le-

142 1006 288 1046 nenda
308 1006 388 1053 sic,
414 1016 453 1047 ει
475 1005 690 1060 quomodo
707 1005 918 1046 adversus
935 1005 1278 1061 Pelagicznorum
1301 1004 1462 1061 dogma

142 1072 323 1127 defendi
353 1073 489 1128 possit
530 1088 603 1118 ea,
650 1087 785 1126 quam
828 1073 899 1113 illa
935 1073 983 1112 ίη
1017 1073 1235 1126 superiore
1279 1072 1460 1128 epistola

139 1154 266 1181 suam
285 1154 370 1181 esse,
399 1142 489 1197 fere
519 1141 765 1182 insinuavit
785 1172 794 1187 ,
829 1140 1011 1197 singulas
1037 1141 1196 1182 animas
1218 1154 1345 1181 novas
1366 1155 1462 1182 nas—

142 1207 335 1250 centibus
358 1206 462 1249 fieri.

147 1333 181 1378 I.
212 1333 348 1380 DEUM
372 1341 592 1386 nostrum,
617 1331 694 1394 qui
723 1348 801 1376 nos
821 1331 992 1378 vocavit
1008 1332 1053 1377 in
1072 1348 1197 1380 suum
1222 1350 1403 1394 regnum
1422 1345 1465 1380 et

84 1401 293 1462 gloriam,
335 1411 378 1446 et
406 1401 557 1460 rogavi
593 1411 635 1446 et
666 1418 770 1460 rogo
802 1412 851 1447 ut
880 1401 966 1447 hoc
996 1401 1116 1464 quod
1142 1402 1197 1447 ad
1222 1414 1261 1449 te
1284 1405 1428 1450 scribo
1451 1441 1464 1461 ‚

85 1481 230 1517 sancte
252 1469 383 1516 frater
407 1471 698 1533 Hieronyuw,
726 1470 954 1516 consulens
980 1481 1018 1517 te
1039 1471 1092 1517 de
1114 1471 1183 1517 his
1202 1489 1301 1537 quae
1319 1475 1463 1520 nescio

82 1540 357 1588 fructuosum
389 1558 475 1586 esse
505 1541 633 1586 nobis
656 1541 776 1588 velit.
814 1541 1080 1605 Quanquam
1111 1542 1226 1589 enim
1259 1553 1299 1589 te
1323 1544 1462 1591 multo

81 1628 212 1676 quam
232 1629 309 1672 ego
330 1628 425 1657 sum
456 1622 581 1657 aetate
610 1615 815 1671 maiorem
833 1648 843 1666 ‚
870 1623 1011 1657 tamen
1034 1612 1161 1657 etiam
1182 1613 1379 1675 ipsejam
1402 1631 1464 1660 se-

80 1699 160 1727 nex
191 1682 384 1728 consulo.
416 1681 501 1727 Sed
535 1682 588 1727 ad
622 1681 878 1727 discendum
916 1681 1036 1744 quod
1069 1698 1179 1744 opus
1212 1692 1301 1736 est,
1340 1683 1458 1730 nulla

80 1752 193 1798 mihi
218 1763 321 1798 aetas
345 1769 437 1798 sera
456 1752 595 1798 videri
617 1763 784 1815 potest3
810 1752 914 1816 quia
937 1753 1013 1797 etsi
1037 1768 1153 1797 senes
1179 1754 1312 1812 magis
1335 1753 1460 1800 decet

81 1822 237 1868 docere
268 1839 401 1885 quam
438 1822 603 1867 discere
622 1857 633 1878 ,
662 1823 796 1881 magis
833 1833 974 1867 tamen
1009 1821 1172 1868 discere
1197 1839 1329 1885 quam
1351 1824 1458 1887 quid

81 1892 265 1938 doceant
287 1894 498 1952 ignorare.
527 1892 651 1938 Nihil
672 1892 872 1956 equidem
899 1891 1117 1937 molestius
1135 1892 1224 1937 fero
1248 1893 1291 1938 in
1313 1895 1459 1940 omni-

79 1962 162 2008 bus
191 1962 394 2021 angustiis
421 1963 524 2006 meis
542 1998 552 2017 ,
575 1977 683 2024 quas
717 1961 862 2023 patior
886 1962 930 2005 in
955 1960 1222 2006 difficillimis
1244 1963 1457 2024 quaestio-

79 2032 210 2078 nibus
225 2069 236 2088 ‚
260 2048 391 2094 quam
414 2033 460 2077 in
487 2041 575 2076 tam
594 2031 833 2093 longinquo
849 2042 936 2076 tuae
954 2031 1179 2076 charitatis
1197 2032 1452 2091 absentiam,

80 2112 129 2148 ut
159 2102 228 2148 vix
260 2101 423 2164 possim
448 2118 563 2147 meas
587 2101 689 2146 dare
706 2138 717 2156 ,
747 2102 814 2146 vix
837 2101 1028 2163 recipere
1049 2101 1212 2146 litteras
1236 2112 1352 2158 tuas,
1376 2121 1454 2166 per

78 2171 303 2219 intervalla
320 2208 330 2227 ‚
358 2189 446 2217 non
470 2171 664 2227 dierum,
691 2189 776 2217 non
804 2172 1014 2217 mensium
1034 2208 1045 2225 ‚
1075 2171 1148 2217 sed
1182 2172 1349 2235 aliquot
1380 2192 1454 2220 an-

78 2259 237 2288 norum
260 2259 271 2286 :
298 2257 398 2287 cum
417 2278 428 2298 ‚
466 2241 499 2286 si
536 2242 628 2287 fieri
668 2252 837 2304 posset,
879 2240 1074 2303 quotidie
1114 2252 1368 2303 praesentem
1411 2254 1453 2290 te

79 2312 242 2358 habere
258 2311 412 2357 vellem
430 2348 440 2367 ‚
468 2328 567 2356 cum
590 2328 677 2374 quo
698 2311 897 2374 loquerer
914 2310 1134 2374 quidquid
1158 2310 1325 2360 vellem.
1358 2315 1448 2359 Nec

79 2382 176 2429 ideo
198 2393 343 2428 tamen
370 2399 458 2427 non
487 2381 620 2428 debui
641 2381 782 2427 faeere
803 2381 923 2445 quod
945 2381 1098 2444 potui,
1123 2381 1262 2427 sinon
1292 2385 1418 2446 potui
1436 2421 1449 2442 ,

82 2464 222 2501 totum
246 2453 366 2518 quod
381 2453 516 2501 volui.

130 2546 142 2569 ¹
162 2544 248 2578 Alias
264 2555 381 2580 xxviv.
398 2555 468 2589 quae
481 2549 587 2578 autem
610 2546 677 2577 166
698 2549 778 2585 erat,
798 2553 883 2577 nunc
906 2543 979 2576 105.
993 2560 1037 2570 -
1050 2542 1172 2588 Scripta
1190 2554 1242 2576 an.
1258 2545 1336 2582 415.
1355 2556 1452 2580 verno

82 2607 238 2647 tempore.

1246 2670 1272 2701 2
1286 2670 1320 2703 1.
