<?xml version="1.0" encoding="UTF-8"?>
<!DOCTYPE html PUBLIC "-//W3C//DTD XHTML 1.0 Transitional//EN"
    "http://www.w3.org/TR/xhtml1/DTD/xhtml1-transitional.dtd">
<html xmlns="http://www.w3.org/1999/xhtml" xml:lang="en" lang="en">
 <head>
  <title>
</title>
<meta http-equiv="Content-Type" content="text/html;charset=utf-8" />
  <meta name='ocr-system' content='tesseract 3.04.00' />
  <meta name='ocr-capabilities' content='ocr_page ocr_carea ocr_par ocr_line ocrx_word'/>
</head>
<body>
  <div class='ocr_page' id='page_1' title='image "./operaomniaaccura40auguuoft/operaomniaaccura40auguuoft_0323.png"; bbox 0 0 1799 3251; ppageno 0'>
   <div class='ocr_carea' id='block_1_1' title="bbox 611 282 1496 333">
    <p class='ocr_par' dir='ltr' id='par_1_1' title="bbox 611 282 1496 333">
     <span class='ocr_line' id='line_1_1' title="bbox 611 282 1496 333; baseline -0.001 -2"><span class='ocrx_word' id='word_1_1' title='bbox 611 299 823 332; x_wconf 73' lang='grc' dir='ltr'>ΕΡιετοιΑ</span> <span class='ocrx_word' id='word_1_2' title='bbox 858 299 1003 333; x_wconf 76' lang='lat' dir='ltr'>cmv.</span> <span class='ocrx_word' id='word_1_3' title='bbox 1402 282 1496 332; x_wconf 79' lang='lat'>313</span> 
     </span>
    </p>
   </div>
   <div class='ocr_carea' id='block_1_2' title="bbox 107 363 1498 2539">
    <p class='ocr_par' dir='ltr' id='par_1_2' title="bbox 113 363 1498 1341">
     <span class='ocr_line' id='line_1_2' title="bbox 118 363 1498 430; baseline -0.003 -16"><span class='ocrx_word' id='word_1_4' title='bbox 118 384 189 414; x_wconf 88' lang='lat' dir='ltr'>ros</span> <span class='ocrx_word' id='word_1_5' title='bbox 207 365 396 422; x_wconf 87' lang='lat' dir='ltr'>credere,</span> <span class='ocrx_word' id='word_1_6' title='bbox 426 365 524 429; x_wconf 88' lang='lat' dir='ltr'>quis</span> <span class='ocrx_word' id='word_1_7' title='bbox 542 364 652 412; x_wconf 88' lang='lat' dir='ltr'>ferat</span> <span class='ocrx_word' id='word_1_8' title='bbox 663 382 764 430; x_wconf 75' lang='lat' dir='ltr'>quae</span> <span class='ocrx_word' id='word_1_9' title='bbox 794 375 1122 429; x_wconf 89' lang='lat' dir='ltr'>consequuntur</span> <span class='ocrx_word' id='word_1_10' title='bbox 1147 363 1336 411; x_wconf 88' lang='lat' dir='ltr'>absurda</span> <span class='ocrx_word' id='word_1_11' title='bbox 1369 364 1498 411; x_wconf 81' lang='lat' dir='ltr'>fidei-</span> 
     </span>
     <span class='ocr_line' id='line_1_3' title="bbox 119 435 1491 502; baseline -0.003 -18"><span class='ocrx_word' id='word_1_12' title='bbox 119 455 205 502; x_wconf 87' lang='lat' dir='ltr'>que</span> <span class='ocrx_word' id='word_1_13' title='bbox 223 437 469 484; x_wconf 63' lang='lat' dir='ltr'>contraria?</span> <span class='ocrx_word' id='word_1_14' title='bbox 488 437 686 483; x_wconf 90' lang='lat' dir='ltr'>Primum</span> <span class='ocrx_word' id='word_1_15' title='bbox 711 452 764 481; x_wconf 86' lang='lat' dir='ltr'>ne</span> <span class='ocrx_word' id='word_1_16' title='bbox 786 435 947 481; x_wconf 84' lang='lat' dir='ltr'>frustra</span> <span class='ocrx_word' id='word_1_17' title='bbox 971 436 1115 482; x_wconf 90' lang='lat' dir='ltr'>dolere</span> <span class='ocrx_word' id='word_1_18' title='bbox 1135 435 1381 491; x_wconf 86' lang='lat' dir='ltr'>videamur,</span> <span class='ocrx_word' id='word_1_19' title='bbox 1403 452 1491 491; x_wconf 84' lang='lat' dir='ltr'>eos,</span> 
     </span>
     <span class='ocr_line' id='line_1_4' title="bbox 118 507 1495 570; baseline -0.001 -17"><span class='ocrx_word' id='word_1_20' title='bbox 118 508 195 570; x_wconf 89' lang='lat' dir='ltr'>qui</span> <span class='ocrx_word' id='word_1_21' title='bbox 209 508 298 553; x_wconf 91' lang='lat' dir='ltr'>sine</span> <span class='ocrx_word' id='word_1_22' title='bbox 312 508 392 553; x_wconf 85' lang='lat' dir='ltr'>ista</span> <span class='ocrx_word' id='word_1_23' title='bbox 413 507 549 567; x_wconf 87' lang='lat' dir='ltr'>gratia</span> <span class='ocrx_word' id='word_1_24' title='bbox 568 507 621 552; x_wconf 89' lang='lat' dir='ltr'>de</span> <span class='ocrx_word' id='word_1_25' title='bbox 638 523 821 569; x_wconf 87' lang='lat' dir='ltr'>corpore</span> <span class='ocrx_word' id='word_1_26' title='bbox 843 507 1052 562; x_wconf 75' lang='lat' dir='ltr'>exierunt,</span> <span class='ocrx_word' id='word_1_27' title='bbox 1081 507 1323 570; x_wconf 78' lang='lat' dir='ltr'>frustraque</span> <span class='ocrx_word' id='word_1_28' title='bbox 1345 522 1495 552; x_wconf 90' lang='lat' dir='ltr'>curam</span> 
     </span>
     <span class='ocr_line' id='line_1_5' title="bbox 118 575 1494 642; baseline -0.001 -19"><span class='ocrx_word' id='word_1_29' title='bbox 118 595 283 638; x_wconf 80' lang='lat' dir='ltr'>gerere,</span> <span class='ocrx_word' id='word_1_30' title='bbox 313 588 440 642; x_wconf 89' lang='lat' dir='ltr'>atque</span> <span class='ocrx_word' id='word_1_31' title='bbox 480 578 689 623; x_wconf 79' lang='lat' dir='ltr'>instanter</span> <span class='ocrx_word' id='word_1_32' title='bbox 720 577 907 633; x_wconf 86' lang='lat' dir='ltr'>hortari,</span> <span class='ocrx_word' id='word_1_33' title='bbox 943 587 992 622; x_wconf 89' lang='lat' dir='ltr'>ut</span> <span class='ocrx_word' id='word_1_34' title='bbox 1016 594 1107 622; x_wconf 91' lang='lat' dir='ltr'>eam</span> <span class='ocrx_word' id='word_1_35' title='bbox 1142 577 1339 622; x_wconf 89' lang='lat' dir='ltr'>homines</span> <span class='ocrx_word' id='word_1_36' title='bbox 1371 575 1494 640; x_wconf 88' lang='lat' dir='ltr'>prius</span> 
     </span>
     <span class='ocr_line' id='line_1_6' title="bbox 115 647 1492 724; baseline -0.001 -31"><span class='ocrx_word' id='word_1_37' title='bbox 115 664 250 724; x_wconf 82' lang='lat' dir='ltr'>quam</span> <span class='ocrx_word' id='word_1_38' title='bbox 286 648 528 693; x_wconf 74' lang='lat' dir='ltr'>motiantur</span> <span class='ocrx_word' id='word_1_39' title='bbox 553 647 817 711; x_wconf 82' lang='lat' dir='ltr'>percipiant,</span> <span class='ocrx_word' id='word_1_40' title='bbox 843 664 897 692; x_wconf 88' lang='lat' dir='ltr'>ne</span> <span class='ocrx_word' id='word_1_41' title='bbox 934 647 1196 709; x_wconf 86' lang='lat' dir='ltr'>sempiterna</span> <span class='ocrx_word' id='word_1_42' title='bbox 1232 659 1369 692; x_wconf 90' lang='lat' dir='ltr'>morte</span> <span class='ocrx_word' id='word_1_43' title='bbox 1403 662 1492 708; x_wconf 92' lang='lat' dir='ltr'>pu-</span> 
     </span>
     <span class='ocr_line' id='line_1_7' title="bbox 115 715 1492 780; baseline -0.001 -18"><span class='ocrx_word' id='word_1_44' title='bbox 115 717 306 764; x_wconf 89' lang='lat' dir='ltr'>niantur.</span> <span class='ocrx_word' id='word_1_45' title='bbox 332 719 421 764; x_wconf 87' lang='lat' dir='ltr'>Aut</span> <span class='ocrx_word' id='word_1_46' title='bbox 437 718 471 763; x_wconf 88' lang='lat' dir='ltr'>si</span> <span class='ocrx_word' id='word_1_47' title='bbox 494 717 560 763; x_wconf 90' lang='lat' dir='ltr'>illi</span> <span class='ocrx_word' id='word_1_48' title='bbox 592 728 763 763; x_wconf 89' lang='lat' dir='ltr'>tantum</span> <span class='ocrx_word' id='word_1_49' title='bbox 791 716 911 780; x_wconf 87' lang='lat' dir='ltr'>apud</span> <span class='ocrx_word' id='word_1_50' title='bbox 935 716 1094 762; x_wconf 82' lang='lat' dir='ltr'>inferos</span> <span class='ocrx_word' id='word_1_51' title='bbox 1130 715 1340 761; x_wconf 81' lang='lat' dir='ltr'>inutiliter</span> <span class='ocrx_word' id='word_1_52' title='bbox 1363 726 1492 778; x_wconf 82' lang='lat' dir='ltr'>atque</span> 
     </span>
     <span class='ocr_line' id='line_1_8' title="bbox 114 785 1493 852; baseline -0.001 -21"><span class='ocrx_word' id='word_1_53' title='bbox 114 786 382 833; x_wconf 82' lang='lat' dir='ltr'>infructuose</span> <span class='ocrx_word' id='word_1_54' title='bbox 406 787 617 843; x_wconf 85' lang='lat' dir='ltr'>credunt,</span> <span class='ocrx_word' id='word_1_55' title='bbox 649 787 724 852; x_wconf 89' lang='lat' dir='ltr'>qui</span> <span class='ocrx_word' id='word_1_56' title='bbox 752 786 985 847; x_wconf 70' lang='lat' dir='ltr'>Evangelio</span> <span class='ocrx_word' id='word_1_57' title='bbox 1012 786 1097 832; x_wconf 87' lang='lat' dir='ltr'>sibi</span> <span class='ocrx_word' id='word_1_58' title='bbox 1123 785 1380 831; x_wconf 88' lang='lat' dir='ltr'>annuntiato</span> <span class='ocrx_word' id='word_1_59' title='bbox 1416 785 1493 830; x_wconf 90' lang='lat' dir='ltr'>hic</span> 
     </span>
     <span class='ocr_line' id='line_1_9' title="bbox 113 855 1490 921; baseline -0.001 -19"><span class='ocrx_word' id='word_1_60' title='bbox 113 857 287 903; x_wconf 86' lang='lat' dir='ltr'>credere</span> <span class='ocrx_word' id='word_1_61' title='bbox 311 857 572 912; x_wconf 83' lang='lat' dir='ltr'>noluerunt;</span> <span class='ocrx_word' id='word_1_62' title='bbox 592 858 678 904; x_wconf 88' lang='lat' dir='ltr'>illis</span> <span class='ocrx_word' id='word_1_63' title='bbox 708 868 851 903; x_wconf 85' lang='lat' dir='ltr'>autem</span> <span class='ocrx_word' id='word_1_64' title='bbox 874 856 1073 921; x_wconf 85' lang='lat' dir='ltr'>proderit</span> <span class='ocrx_word' id='word_1_65' title='bbox 1091 856 1281 911; x_wconf 87' lang='lat' dir='ltr'>credere,</span> <span class='ocrx_word' id='word_1_66' title='bbox 1313 855 1490 919; x_wconf 89' lang='lat' dir='ltr'>quinon</span> 
     </span>
     <span class='ocr_line' id='line_1_10' title="bbox 114 925 1490 991; baseline -0.001 -19"><span class='ocrx_word' id='word_1_67' title='bbox 114 927 190 972; x_wconf 90' lang='lat' dir='ltr'>bic</span> <span class='ocrx_word' id='word_1_68' title='bbox 205 938 560 991; x_wconf 88' lang='lat' dir='ltr'>contempserunt</span> <span class='ocrx_word' id='word_1_69' title='bbox 574 928 694 991; x_wconf 91' lang='lat' dir='ltr'>quod</span> <span class='ocrx_word' id='word_1_70' title='bbox 716 928 864 974; x_wconf 87' lang='lat' dir='ltr'>audire</span> <span class='ocrx_word' id='word_1_71' title='bbox 883 927 1061 973; x_wconf 85' lang='lat' dir='ltr'>minime</span> <span class='ocrx_word' id='word_1_72' title='bbox 1074 936 1312 991; x_wconf 89' lang='lat' dir='ltr'>potuerunt</span> <span class='ocrx_word' id='word_1_73' title='bbox 1331 946 1342 979; x_wconf 90' lang='lat'>;</span> <span class='ocrx_word' id='word_1_74' title='bbox 1371 925 1490 971; x_wconf 88' lang='lat' dir='ltr'>aliud</span> 
     </span>
     <span class='ocr_line' id='line_1_11' title="bbox 114 995 1490 1060; baseline -0.001 -18"><span class='ocrx_word' id='word_1_75' title='bbox 114 997 309 1060; x_wconf 88' lang='lat' dir='ltr'>sequitur</span> <span class='ocrx_word' id='word_1_76' title='bbox 335 998 584 1056; x_wconf 75' lang='lat' dir='ltr'>absurdius,</span> <span class='ocrx_word' id='word_1_77' title='bbox 605 1010 654 1044; x_wconf 88' lang='lat' dir='ltr'>ut</span> <span class='ocrx_word' id='word_1_78' title='bbox 670 998 745 1045; x_wconf 92' lang='lat' dir='ltr'>bic</span> <span class='ocrx_word' id='word_1_79' title='bbox 764 1017 849 1046; x_wconf 90' lang='lat' dir='ltr'>non</span> <span class='ocrx_word' id='word_1_80' title='bbox 869 999 923 1044; x_wconf 92' lang='lat' dir='ltr'>sit</span> <span class='ocrx_word' id='word_1_81' title='bbox 942 998 1226 1059; x_wconf 82' lang='lat' dir='ltr'>Evangelium</span> <span class='ocrx_word' id='word_1_82' title='bbox 1243 995 1490 1060; x_wconf 84' lang='lat' dir='ltr'>praedican-</span> 
     </span>
     <span class='ocr_line' id='line_1_12' title="bbox 114 1065 1491 1133; baseline -0.002 -20"><span class='ocrx_word' id='word_1_83' title='bbox 114 1066 237 1123; x_wconf 85' lang='lat' dir='ltr'>dum,</span> <span class='ocrx_word' id='word_1_84' title='bbox 259 1069 465 1132; x_wconf 88' lang='lat' dir='ltr'>quoniam</span> <span class='ocrx_word' id='word_1_85' title='bbox 484 1086 631 1116; x_wconf 86' lang='lat' dir='ltr'>omnes</span> <span class='ocrx_word' id='word_1_86' title='bbox 659 1070 810 1133; x_wconf 88' lang='lat' dir='ltr'>utique</span> <span class='ocrx_word' id='word_1_87' title='bbox 833 1068 1035 1115; x_wconf 90' lang='lat' dir='ltr'>morituri</span> <span class='ocrx_word' id='word_1_88' title='bbox 1067 1079 1187 1124; x_wconf 82' lang='lat' dir='ltr'>sunt,</span> <span class='ocrx_word' id='word_1_89' title='bbox 1222 1078 1263 1113; x_wconf 89' lang='lat' dir='ltr'>et</span> <span class='ocrx_word' id='word_1_90' title='bbox 1289 1067 1379 1112; x_wconf 88' lang='lat' dir='ltr'>sine</span> <span class='ocrx_word' id='word_1_91' title='bbox 1402 1065 1491 1111; x_wconf 92' lang='lat' dir='ltr'>ullo</span> 
     </span>
     <span class='ocr_line' id='line_1_13' title="bbox 114 1135 1490 1218; baseline -0.001 -36"><span class='ocrx_word' id='word_1_92' title='bbox 114 1148 235 1184; x_wconf 84' lang='lat' dir='ltr'>reatu</span> <span class='ocrx_word' id='word_1_93' title='bbox 257 1140 497 1218; x_wconf 84' lang='lat' dir='ltr'>contempti</span> <span class='ocrx_word' id='word_1_94' title='bbox 523 1144 587 1186; x_wconf 82' lang='lat' dir='ltr'>Ev</span> <span class='ocrx_word' id='word_1_95' title='bbox 576 1139 729 1200; x_wconf 83' lang='lat' dir='ltr'>angeli</span> <span class='ocrx_word' id='word_1_96' title='bbox 747 1139 892 1185; x_wconf 86' lang='lat' dir='ltr'>venire</span> <span class='ocrx_word' id='word_1_97' title='bbox 911 1138 963 1184; x_wconf 86' lang='lat' dir='ltr'>ad</span> <span class='ocrx_word' id='word_1_98' title='bbox 989 1139 1148 1185; x_wconf 88' lang='lat' dir='ltr'>inferos</span> <span class='ocrx_word' id='word_1_99' title='bbox 1168 1137 1345 1188; x_wconf 91' lang='lat' dir='ltr'>debent,</span> <span class='ocrx_word' id='word_1_100' title='bbox 1368 1146 1416 1182; x_wconf 88' lang='lat' dir='ltr'>ut</span> <span class='ocrx_word' id='word_1_101' title='bbox 1431 1135 1490 1181; x_wconf 90' lang='lat' dir='ltr'>eis</span> 
     </span>
     <span class='ocr_line' id='line_1_14' title="bbox 113 1207 1488 1274; baseline -0.001 -21"><span class='ocrx_word' id='word_1_102' title='bbox 113 1208 312 1272; x_wconf 74' lang='lat' dir='ltr'>prodesse</span> <span class='ocrx_word' id='word_1_103' title='bbox 334 1212 485 1273; x_wconf 84' lang='lat' dir='ltr'>possit,</span> <span class='ocrx_word' id='word_1_104' title='bbox 515 1228 616 1257; x_wconf 88' lang='lat' dir='ltr'>cum</span> <span class='ocrx_word' id='word_1_105' title='bbox 643 1211 708 1256; x_wconf 87' lang='lat' dir='ltr'>ibi</span> <span class='ocrx_word' id='word_1_106' title='bbox 731 1210 1030 1257; x_wconf 87' lang='lat' dir='ltr'>crediderint:</span> <span class='ocrx_word' id='word_1_107' title='bbox 1058 1208 1179 1274; x_wconf 90' lang='lat' dir='ltr'>quod</span> <span class='ocrx_word' id='word_1_108' title='bbox 1201 1208 1373 1263; x_wconf 85' lang='lat' dir='ltr'>sentire,</span> <span class='ocrx_word' id='word_1_109' title='bbox 1400 1207 1488 1253; x_wconf 90' lang='lat' dir='ltr'>im·-</span> 
     </span>
     <span class='ocr_line' id='line_1_15' title="bbox 113 1278 514 1341; baseline 0.005 -17"><span class='ocrx_word' id='word_1_110' title='bbox 113 1278 199 1341; x_wconf 82' lang='lat' dir='ltr'>piae</span> <span class='ocrx_word' id='word_1_111' title='bbox 219 1297 244 1324; x_wconf 91' lang='lat' dir='ltr'>v</span> <span class='ocrx_word' id='word_1_112' title='bbox 249 1281 420 1325; x_wconf 89' lang='lat' dir='ltr'>anitatis</span> <span class='ocrx_word' id='word_1_113' title='bbox 436 1291 514 1329; x_wconf 89' lang='lat' dir='ltr'>est.</span> 
     </span>
    </p>

    <p class='ocr_par' dir='ltr' id='par_1_3' title="bbox 109 1347 1490 2329">
     <span class='ocr_line' id='line_1_16' title="bbox 174 1347 1486 1412; baseline -0.002 -18"><span class='ocrx_word' id='word_1_114' title='bbox 174 1349 292 1395; x_wconf 79' lang='lat' dir='ltr'><strong>XIV.</strong></span> <span class='ocrx_word' id='word_1_115' title='bbox 325 1350 622 1406; x_wconf 83' lang='lat' dir='ltr'>Quamobrem</span> <span class='ocrx_word' id='word_1_116' title='bbox 638 1361 856 1396; x_wconf 81' lang='lat' dir='ltr'>teneamus</span> <span class='ocrx_word' id='word_1_117' title='bbox 877 1349 1120 1396; x_wconf 86' lang='lat' dir='ltr'>firmissime</span> <span class='ocrx_word' id='word_1_118' title='bbox 1139 1347 1260 1412; x_wconf 91' lang='lat' dir='ltr'>quod</span> <span class='ocrx_word' id='word_1_119' title='bbox 1283 1347 1389 1394; x_wconf 87' lang='lat' dir='ltr'>fides</span> <span class='ocrx_word' id='word_1_120' title='bbox 1406 1347 1486 1393; x_wconf 88' lang='lat' dir='ltr'>ba-</span> 
     </span>
     <span class='ocr_line' id='line_1_17' title="bbox 111 1417 1489 1475; baseline -0.003 -10"><span class='ocrx_word' id='word_1_121' title='bbox 111 1420 186 1465; x_wconf 89' lang='lat' dir='ltr'>bet</span> <span class='ocrx_word' id='word_1_122' title='bbox 217 1419 519 1466; x_wconf 82' lang='lat' dir='ltr'>fundatissima</span> <span class='ocrx_word' id='word_1_123' title='bbox 556 1422 813 1467; x_wconf 85' lang='lat' dir='ltr'>auctoritate</span> <span class='ocrx_word' id='word_1_124' title='bbox 854 1422 1058 1467; x_wconf 77' lang='lat' dir='ltr'>firmata:</span> <span class='ocrx_word' id='word_1_125' title='bbox 1097 1441 1115 1460; x_wconf 82' lang='grc' dir='ltr'>α</span> <span class='ocrx_word' id='word_1_126' title='bbox 1140 1419 1255 1475; x_wconf 87' lang='lat' dir='ltr'>Quia</span> <span class='ocrx_word' id='word_1_127' title='bbox 1287 1417 1489 1464; x_wconf 88' lang='lat' dir='ltr'>Christus</span> 
     </span>
     <span class='ocr_line' id='line_1_18' title="bbox 112 1488 1490 1556; baseline 0 -23"><span class='ocrx_word' id='word_1_128' title='bbox 112 1511 133 1532; x_wconf 83' lang='lat'>›&gt;</span> <span class='ocrx_word' id='word_1_129' title='bbox 152 1501 346 1537; x_wconf 90' lang='lat' dir='ltr'>mortuus</span> <span class='ocrx_word' id='word_1_130' title='bbox 367 1502 427 1537; x_wconf 90' lang='lat' dir='ltr'>est</span> <span class='ocrx_word' id='word_1_131' title='bbox 442 1491 679 1538; x_wconf 88' lang='lat' dir='ltr'>secundum</span> <span class='ocrx_word' id='word_1_132' title='bbox 706 1493 972 1556; x_wconf 80' lang='lat' dir='ltr'>ScripturaS‚</span> <span class='ocrx_word' id='word_1_133' title='bbox 994 1501 1036 1537; x_wconf 88' lang='lat' dir='ltr'>et</span> <span class='ocrx_word' id='word_1_134' title='bbox 1063 1490 1164 1553; x_wconf 90' lang='lat' dir='ltr'>quia</span> <span class='ocrx_word' id='word_1_135' title='bbox 1189 1488 1399 1552; x_wconf 85' lang='lat' dir='ltr'>sepultus,</span> <span class='ocrx_word' id='word_1_136' title='bbox 1428 1498 1490 1533; x_wconf 87' lang='lat' dir='ltr'>est</span> 
     </span>
     <span class='ocr_line' id='line_1_19' title="bbox 113 1557 1488 1625; baseline 0 -20"><span class='ocrx_word' id='word_1_137' title='bbox 113 1582 134 1603; x_wconf 71' lang='lat'>&gt;2</span> <span class='ocrx_word' id='word_1_138' title='bbox 155 1572 196 1606; x_wconf 87' lang='lat' dir='ltr'>et</span> <span class='ocrx_word' id='word_1_139' title='bbox 215 1563 315 1625; x_wconf 88' lang='lat' dir='ltr'>quia</span> <span class='ocrx_word' id='word_1_140' title='bbox 338 1563 566 1610; x_wconf 77' lang='lat' dir='ltr'>resurrexit</span> <span class='ocrx_word' id='word_1_141' title='bbox 588 1564 710 1609; x_wconf 85' lang='lat' dir='ltr'>tertia</span> <span class='ocrx_word' id='word_1_142' title='bbox 738 1563 807 1609; x_wconf 85' lang='lat' dir='ltr'>die</span> <span class='ocrx_word' id='word_1_143' title='bbox 825 1561 1066 1609; x_wconf 87' lang='lat' dir='ltr'>secundum</span> <span class='ocrx_word' id='word_1_144' title='bbox 1090 1560 1338 1623; x_wconf 86' lang='lat' dir='ltr'>Scripturas</span> <span class='ocrx_word' id='word_1_145' title='bbox 1358 1557 1395 1614; x_wconf 66' lang='lat'>1,</span> <span class='ocrx_word' id='word_1_146' title='bbox 1415 1580 1434 1600; x_wconf 79' lang='lat'>›&gt;</span> <span class='ocrx_word' id='word_1_147' title='bbox 1447 1569 1488 1603; x_wconf 91' lang='lat' dir='ltr'>et</span> 
     </span>
     <span class='ocr_line' id='line_1_20' title="bbox 111 1631 1481 1694; baseline -0.001 -18"><span class='ocrx_word' id='word_1_148' title='bbox 111 1642 265 1677; x_wconf 84' lang='lat' dir='ltr'>caetera</span> <span class='ocrx_word' id='word_1_149' title='bbox 287 1649 386 1694; x_wconf 85' lang='lat' dir='ltr'>quae</span> <span class='ocrx_word' id='word_1_150' title='bbox 413 1632 467 1678; x_wconf 89' lang='lat' dir='ltr'>de</span> <span class='ocrx_word' id='word_1_151' title='bbox 488 1633 563 1678; x_wconf 90' lang='lat' dir='ltr'>illo</span> <span class='ocrx_word' id='word_1_152' title='bbox 589 1634 860 1679; x_wconf 87' lang='lat' dir='ltr'>testatissima</span> <span class='ocrx_word' id='word_1_153' title='bbox 888 1633 1068 1679; x_wconf 76' lang='lat' dir='ltr'>veritate</span> <span class='ocrx_word' id='word_1_154' title='bbox 1083 1631 1331 1693; x_wconf 88' lang='lat' dir='ltr'>conscripta</span> <span class='ocrx_word' id='word_1_155' title='bbox 1367 1638 1481 1675; x_wconf 87' lang='lat' dir='ltr'>sunt.</span> 
     </span>
     <span class='ocr_line' id='line_1_21' title="bbox 112 1700 1488 1768; baseline -0.001 -22"><span class='ocrx_word' id='word_1_156' title='bbox 112 1702 164 1747; x_wconf 89' lang='lat' dir='ltr'>Iu</span> <span class='ocrx_word' id='word_1_157' title='bbox 180 1703 341 1765; x_wconf 86' lang='lat' dir='ltr'>quibus</span> <span class='ocrx_word' id='word_1_158' title='bbox 354 1703 483 1748; x_wconf 89' lang='lat' dir='ltr'>etiam</span> <span class='ocrx_word' id='word_1_159' title='bbox 500 1703 587 1749; x_wconf 88' lang='lat' dir='ltr'>hoc</span> <span class='ocrx_word' id='word_1_160' title='bbox 606 1715 683 1758; x_wconf 83' lang='lat' dir='ltr'>est,</span> <span class='ocrx_word' id='word_1_161' title='bbox 708 1704 827 1768; x_wconf 88' lang='lat' dir='ltr'>quod</span> <span class='ocrx_word' id='word_1_162' title='bbox 846 1703 965 1768; x_wconf 83' lang='lat' dir='ltr'>apud</span> <span class='ocrx_word' id='word_1_163' title='bbox 983 1701 1141 1748; x_wconf 87' lang='lat' dir='ltr'>inferos</span> <span class='ocrx_word' id='word_1_164' title='bbox 1155 1700 1241 1746; x_wconf 87' lang='lat' dir='ltr'>fuit</span> <span class='ocrx_word' id='word_1_165' title='bbox 1253 1700 1488 1762; x_wconf 87' lang='lat' dir='ltr'>solutisque</span> 
     </span>
     <span class='ocr_line' id='line_1_22' title="bbox 110 1770 1475 1837; baseline -0.004 -19"><span class='ocrx_word' id='word_1_166' title='bbox 110 1790 260 1818; x_wconf 90' lang='lat' dir='ltr'>eorum</span> <span class='ocrx_word' id='word_1_167' title='bbox 285 1773 528 1829; x_wconf 88' lang='lat' dir='ltr'>doloribus,</span> <span class='ocrx_word' id='word_1_168' title='bbox 555 1775 716 1837; x_wconf 88' lang='lat' dir='ltr'>quibus</span> <span class='ocrx_word' id='word_1_169' title='bbox 739 1792 837 1820; x_wconf 90' lang='lat' dir='ltr'>eum</span> <span class='ocrx_word' id='word_1_170' title='bbox 863 1785 952 1820; x_wconf 81' lang='lat' dir='ltr'>erat</span> <span class='ocrx_word' id='word_1_171' title='bbox 986 1770 1255 1835; x_wconf 80' lang='lat' dir='ltr'>impossibile</span> <span class='ocrx_word' id='word_1_172' title='bbox 1285 1770 1418 1815; x_wconf 89' lang='lat' dir='ltr'>teneri</span> <span class='ocrx_word' id='word_1_173' title='bbox 1442 1770 1475 1812; x_wconf 77' lang='lat'>2.</span> 
     </span>
     <span class='ocr_line' id='line_1_23' title="bbox 111 1841 1488 1905; baseline -0.002 -18"><span class='ocrx_word' id='word_1_174' title='bbox 111 1860 133 1887; x_wconf 92' lang='lat' dir='ltr'>a</span> <span class='ocrx_word' id='word_1_175' title='bbox 152 1843 314 1905; x_wconf 87' lang='lat' dir='ltr'>quibus</span> <span class='ocrx_word' id='word_1_176' title='bbox 331 1843 460 1888; x_wconf 86' lang='lat' dir='ltr'>etiam</span> <span class='ocrx_word' id='word_1_177' title='bbox 484 1854 599 1889; x_wconf 89' lang='lat' dir='ltr'>recte</span> <span class='ocrx_word' id='word_1_178' title='bbox 620 1844 877 1904; x_wconf 82' lang='lat' dir='ltr'>intelligitur</span> <span class='ocrx_word' id='word_1_179' title='bbox 903 1843 1075 1890; x_wconf 82' lang='lat' dir='ltr'>solvisse</span> <span class='ocrx_word' id='word_1_180' title='bbox 1094 1853 1135 1887; x_wconf 83' lang='lat' dir='ltr'>et</span> <span class='ocrx_word' id='word_1_181' title='bbox 1157 1841 1359 1886; x_wconf 86' lang='lat' dir='ltr'>liberasse</span> <span class='ocrx_word' id='word_1_182' title='bbox 1379 1856 1488 1903; x_wconf 88' lang='lat' dir='ltr'>quos</span> 
     </span>
     <span class='ocr_line' id='line_1_24' title="bbox 110 1910 1489 1979; baseline -0.003 -21"><span class='ocrx_word' id='word_1_183' title='bbox 110 1913 266 1969; x_wconf 81' lang='lat' dir='ltr'>voluit,</span> <span class='ocrx_word' id='word_1_184' title='bbox 285 1930 444 1977; x_wconf 88' lang='lat' dir='ltr'>corpus</span> <span class='ocrx_word' id='word_1_185' title='bbox 456 1914 575 1978; x_wconf 90' lang='lat' dir='ltr'>quod</span> <span class='ocrx_word' id='word_1_186' title='bbox 588 1915 633 1960; x_wconf 88' lang='lat' dir='ltr'>in</span> <span class='ocrx_word' id='word_1_187' title='bbox 658 1932 785 1961; x_wconf 86' lang='lat' dir='ltr'>cruce</span> <span class='ocrx_word' id='word_1_188' title='bbox 806 1915 1049 1979; x_wconf 86' lang='lat' dir='ltr'>reliquerat</span> <span class='ocrx_word' id='word_1_189' title='bbox 1077 1913 1122 1958; x_wconf 90' lang='lat' dir='ltr'>in</span> <span class='ocrx_word' id='word_1_190' title='bbox 1144 1910 1343 1975; x_wconf 87' lang='lat' dir='ltr'>sepulcro</span> <span class='ocrx_word' id='word_1_191' title='bbox 1366 1910 1489 1973; x_wconf 89' lang='lat' dir='ltr'>posi-</span> 
     </span>
     <span class='ocr_line' id='line_1_25' title="bbox 110 1980 1489 2049; baseline -0.002 -21"><span class='ocrx_word' id='word_1_192' title='bbox 110 1994 200 2029; x_wconf 91' lang='lat' dir='ltr'>tum</span> <span class='ocrx_word' id='word_1_193' title='bbox 225 1984 447 2047; x_wconf 85' lang='lat' dir='ltr'>recepisse.</span> <span class='ocrx_word' id='word_1_194' title='bbox 481 1985 532 2029; x_wconf 92' lang='lat' dir='ltr'>In</span> <span class='ocrx_word' id='word_1_195' title='bbox 555 1984 629 2030; x_wconf 87' lang='lat' dir='ltr'>illa</span> <span class='ocrx_word' id='word_1_196' title='bbox 652 2003 770 2038; x_wconf 79' lang='lat' dir='ltr'>vero,</span> <span class='ocrx_word' id='word_1_197' title='bbox 800 2003 932 2049; x_wconf 90' lang='lat' dir='ltr'>quam</span> <span class='ocrx_word' id='word_1_198' title='bbox 961 1982 1243 2048; x_wconf 84' lang='lat' dir='ltr'>proposuisti,</span> <span class='ocrx_word' id='word_1_199' title='bbox 1269 1981 1322 2027; x_wconf 88' lang='lat' dir='ltr'>de</span> <span class='ocrx_word' id='word_1_200' title='bbox 1345 1980 1489 2027; x_wconf 83' lang='lat' dir='ltr'>verbis</span> 
     </span>
     <span class='ocr_line' id='line_1_26' title="bbox 109 2054 1489 2119; baseline -0.003 -20"><span class='ocrx_word' id='word_1_201' title='bbox 109 2054 229 2099; x_wconf 87' lang='lat' dir='ltr'>Petri</span> <span class='ocrx_word' id='word_1_202' title='bbox 253 2054 439 2117; x_wconf 87' lang='lat' dir='ltr'>apostoli</span> <span class='ocrx_word' id='word_1_203' title='bbox 454 2055 708 2117; x_wconf 72' lang='lat' dir='ltr'>quaestione,</span> <span class='ocrx_word' id='word_1_204' title='bbox 731 2057 939 2119; x_wconf 86' lang='lat' dir='ltr'>quoniam</span> <span class='ocrx_word' id='word_1_205' title='bbox 957 2071 1058 2119; x_wconf 85' lang='lat' dir='ltr'>quae</span> <span class='ocrx_word' id='word_1_206' title='bbox 1082 2069 1150 2098; x_wconf 91' lang='lat' dir='ltr'>me</span> <span class='ocrx_word' id='word_1_207' title='bbox 1175 2062 1375 2098; x_wconf 74' lang='lat' dir='ltr'>moveant</span> <span class='ocrx_word' id='word_1_208' title='bbox 1392 2067 1489 2114; x_wconf 88' lang='lat' dir='ltr'>per-</span> 
     </span>
     <span class='ocr_line' id='line_1_27' title="bbox 111 2122 1490 2186; baseline -0.002 -18"><span class='ocrx_word' id='word_1_209' title='bbox 111 2123 260 2186; x_wconf 84' lang='lat' dir='ltr'>spicis,</span> <span class='ocrx_word' id='word_1_210' title='bbox 285 2134 326 2168; x_wconf 91' lang='lat' dir='ltr'>et</span> <span class='ocrx_word' id='word_1_211' title='bbox 345 2123 428 2169; x_wconf 89' lang='lat' dir='ltr'>alia</span> <span class='ocrx_word' id='word_1_212' title='bbox 449 2124 651 2181; x_wconf 83' lang='lat' dir='ltr'>fortasse,</span> <span class='ocrx_word' id='word_1_213' title='bbox 679 2125 712 2171; x_wconf 88' lang='lat' dir='ltr'>si</span> <span class='ocrx_word' id='word_1_214' title='bbox 728 2126 978 2186; x_wconf 83' lang='lat' dir='ltr'>diligentius</span> <span class='ocrx_word' id='word_1_215' title='bbox 999 2122 1290 2170; x_wconf 85' lang='lat' dir='ltr'>discutiantur</span> <span class='ocrx_word' id='word_1_216' title='bbox 1309 2130 1490 2184; x_wconf 83' lang='lat' dir='ltr'>possunt</span> 
     </span>
     <span class='ocr_line' id='line_1_28' title="bbox 109 2192 1485 2257; baseline -0.001 -18"><span class='ocrx_word' id='word_1_217' title='bbox 109 2211 298 2249; x_wconf 84' lang='lat' dir='ltr'>movere,</span> <span class='ocrx_word' id='word_1_218' title='bbox 320 2194 388 2239; x_wconf 74' lang='lat' dir='ltr'>vel</span> <span class='ocrx_word' id='word_1_219' title='bbox 412 2195 531 2257; x_wconf 81' lang='lat' dir='ltr'>apud</span> <span class='ocrx_word' id='word_1_220' title='bbox 545 2213 621 2241; x_wconf 87' lang='lat' dir='ltr'>nos</span> <span class='ocrx_word' id='word_1_221' title='bbox 645 2213 693 2243; x_wconf 86' lang='lat' dir='ltr'>ea</span> <span class='ocrx_word' id='word_1_222' title='bbox 716 2196 967 2256; x_wconf 79' lang='lat' dir='ltr'>cogitando,</span> <span class='ocrx_word' id='word_1_223' title='bbox 983 2194 1051 2242; x_wconf 79' lang='lat' dir='ltr'>vel</span> <span class='ocrx_word' id='word_1_224' title='bbox 1071 2210 1179 2256; x_wconf 85' lang='lat' dir='ltr'>quos</span> <span class='ocrx_word' id='word_1_225' title='bbox 1199 2192 1382 2253; x_wconf 84' lang='lat' dir='ltr'>dignum</span> <span class='ocrx_word' id='word_1_226' title='bbox 1406 2202 1485 2249; x_wconf 87' lang='lat' dir='ltr'>est,</span> 
     </span>
     <span class='ocr_line' id='line_1_29' title="bbox 109 2265 999 2329; baseline 0 -20"><span class='ocrx_word' id='word_1_227' title='bbox 109 2274 150 2311; x_wconf 89' lang='lat' dir='ltr'>et</span> <span class='ocrx_word' id='word_1_228' title='bbox 174 2280 403 2326; x_wconf 88' lang='lat' dir='ltr'>possumus</span> <span class='ocrx_word' id='word_1_229' title='bbox 425 2265 706 2322; x_wconf 84' lang='lat' dir='ltr'>consulendo,</span> <span class='ocrx_word' id='word_1_230' title='bbox 739 2282 999 2329; x_wconf 85' lang='lat' dir='ltr'>quaeramus.</span> 
     </span>
    </p>

    <p class='ocr_par' dir='ltr' id='par_1_4' title="bbox 107 2330 1488 2539">
     <span class='ocr_line' id='line_1_30' title="bbox 172 2330 1488 2394; baseline -0.002 -15"><span class='ocrx_word' id='word_1_231' title='bbox 172 2333 265 2379; x_wconf 80' lang='lat' dir='ltr'>XV.</span> <span class='ocrx_word' id='word_1_232' title='bbox 280 2333 513 2379; x_wconf 84' lang='lat' dir='ltr'>Considera</span> <span class='ocrx_word' id='word_1_233' title='bbox 529 2345 670 2381; x_wconf 89' lang='lat' dir='ltr'>tamen</span> <span class='ocrx_word' id='word_1_234' title='bbox 691 2354 743 2382; x_wconf 87' lang='lat' dir='ltr'>ne</span> <span class='ocrx_word' id='word_1_235' title='bbox 758 2336 867 2382; x_wconf 87' lang='lat' dir='ltr'>forte</span> <span class='ocrx_word' id='word_1_236' title='bbox 889 2347 1030 2381; x_wconf 90' lang='lat' dir='ltr'>totum</span> <span class='ocrx_word' id='word_1_237' title='bbox 1049 2331 1160 2378; x_wconf 90' lang='lat' dir='ltr'>illud</span> <span class='ocrx_word' id='word_1_238' title='bbox 1174 2331 1292 2394; x_wconf 91' lang='lat' dir='ltr'>quod</span> <span class='ocrx_word' id='word_1_239' title='bbox 1313 2330 1366 2376; x_wconf 93' lang='lat' dir='ltr'>de</span> <span class='ocrx_word' id='word_1_240' title='bbox 1386 2347 1488 2376; x_wconf 83' lang='lat' dir='ltr'>con-</span> 
     </span>
     <span class='ocr_line' id='line_1_31' title="bbox 107 2401 1486 2470; baseline -0.003 -20"><span class='ocrx_word' id='word_1_241' title='bbox 107 2403 236 2450; x_wconf 88' lang='lat' dir='ltr'>clusis</span> <span class='ocrx_word' id='word_1_242' title='bbox 260 2403 305 2449; x_wconf 82' lang='lat' dir='ltr'>in</span> <span class='ocrx_word' id='word_1_243' title='bbox 324 2420 493 2450; x_wconf 87' lang='lat' dir='ltr'>carcere</span> <span class='ocrx_word' id='word_1_244' title='bbox 512 2406 756 2469; x_wconf 84' lang='lat' dir='ltr'>spiritibus,</span> <span class='ocrx_word' id='word_1_245' title='bbox 779 2407 857 2470; x_wconf 89' lang='lat' dir='ltr'>qui</span> <span class='ocrx_word' id='word_1_246' title='bbox 879 2407 926 2452; x_wconf 88' lang='lat' dir='ltr'>in</span> <span class='ocrx_word' id='word_1_247' title='bbox 951 2405 1105 2450; x_wconf 86' lang='lat' dir='ltr'>diebus</span> <span class='ocrx_word' id='word_1_248' title='bbox 1125 2404 1219 2448; x_wconf 62' lang='lat' dir='ltr'>Noe</span> <span class='ocrx_word' id='word_1_249' title='bbox 1246 2419 1334 2447; x_wconf 91' lang='lat' dir='ltr'>non</span> <span class='ocrx_word' id='word_1_250' title='bbox 1349 2401 1486 2447; x_wconf 88' lang='lat' dir='ltr'>credi-</span> 
     </span>
     <span class='ocr_line' id='line_1_32' title="bbox 107 2470 1488 2539; baseline -0.004 -20"><span class='ocrx_word' id='word_1_251' title='bbox 107 2473 284 2529; x_wconf 88' lang='lat' dir='ltr'>derunt,</span> <span class='ocrx_word' id='word_1_252' title='bbox 324 2474 481 2520; x_wconf 89' lang='lat' dir='ltr'>Petrus</span> <span class='ocrx_word' id='word_1_253' title='bbox 529 2477 746 2539; x_wconf 88' lang='lat' dir='ltr'>apostolus</span> <span class='ocrx_word' id='word_1_254' title='bbox 769 2476 895 2532; x_wconf 89' lang='lat' dir='ltr'>dicit,</span> <span class='ocrx_word' id='word_1_255' title='bbox 922 2475 1101 2521; x_wconf 89' lang='lat' dir='ltr'>omnino</span> <span class='ocrx_word' id='word_1_256' title='bbox 1129 2472 1183 2518; x_wconf 88' lang='lat' dir='ltr'>ad</span> <span class='ocrx_word' id='word_1_257' title='bbox 1213 2470 1372 2517; x_wconf 85' lang='lat' dir='ltr'>inferos</span> <span class='ocrx_word' id='word_1_258' title='bbox 1399 2487 1488 2515; x_wconf 91' lang='lat' dir='ltr'>non</span> 
     </span>
    </p>
   </div>
   <div class='ocr_carea' id='block_1_3' title="bbox 104 2541 1485 2668">
    <p class='ocr_par' dir='ltr' id='par_1_5' title="bbox 104 2541 1485 2668">
     <span class='ocr_line' id='line_1_33' title="bbox 104 2541 1485 2613; baseline 0.001 -24"><span class='ocrx_word' id='word_1_259' title='bbox 104 2544 334 2607; x_wconf 88' lang='lat' dir='ltr'>pertineat,</span> <span class='ocrx_word' id='word_1_260' title='bbox 371 2544 444 2591; x_wconf 89' lang='lat' dir='ltr'>sed</span> <span class='ocrx_word' id='word_1_261' title='bbox 468 2545 523 2591; x_wconf 87' lang='lat' dir='ltr'>ad</span> <span class='ocrx_word' id='word_1_262' title='bbox 557 2546 630 2594; x_wconf 85' lang='lat' dir='ltr'>illa</span> <span class='ocrx_word' id='word_1_263' title='bbox 663 2548 812 2612; x_wconf 86' lang='lat' dir='ltr'>potius</span> <span class='ocrx_word' id='word_1_264' title='bbox 838 2559 1056 2613; x_wconf 86' lang='lat' dir='ltr'>tempora,</span> <span class='ocrx_word' id='word_1_265' title='bbox 1086 2559 1276 2608; x_wconf 88' lang='lat' dir='ltr'>quorum</span> <span class='ocrx_word' id='word_1_266' title='bbox 1297 2541 1485 2587; x_wconf 86' lang='lat' dir='ltr'>formam</span> 
     </span>
     <span class='ocr_line' id='line_1_34' title="bbox 157 2626 788 2668; baseline 0.011 -12"><span class='ocrx_word' id='word_1_267' title='bbox 157 2626 168 2648; x_wconf 84' lang='lat'><strong>¹</strong></span> <span class='ocrx_word' id='word_1_268' title='bbox 196 2637 208 2655; x_wconf 89' lang='lat'>1</span> <span class='ocrx_word' id='word_1_269' title='bbox 230 2627 306 2658; x_wconf 88' lang='lat' dir='ltr'>Cor.</span> <span class='ocrx_word' id='word_1_270' title='bbox 326 2628 424 2665; x_wconf 79' lang='lat' dir='ltr'>xv,3‚</span> <span class='ocrx_word' id='word_1_271' title='bbox 446 2633 478 2664; x_wconf 81' lang='lat'>4.</span> <span class='ocrx_word' id='word_1_272' title='bbox 498 2626 656 2662; x_wconf 78' lang='lat' dir='ltr'>—2Act‚</span> <span class='ocrx_word' id='word_1_273' title='bbox 680 2641 708 2668; x_wconf 83' lang='lat'>1,</span> <span class='ocrx_word' id='word_1_274' title='bbox 729 2636 788 2666; x_wconf 65' lang='lat'>24.</span> 
     </span>
    </p>
   </div>
  </div>
 </body>
</html>
