1799 3251
595 284 805 315 EriswLA
841 284 974 313 chir.
1382 270 1467 316 301

101 361 177 396 6111
201 369 223 396 a
241 353 363 396 Patre
386 349 563 405 Filium,
589 350 690 414 quia
715 347 776 394 illi
793 348 868 412 qui
886 349 973 395 hoc
992 358 1167 412 putant,
1194 366 1292 395 cum
1318 349 1360 395 in
1380 352 1477 396 red-

103 421 244 467 denda
267 421 431 466 ratione
446 420 695 477 defecerint,
721 430 957 482 possuntet
976 420 1058 482 ipsi
1080 419 1248 465 dicere:
1265 441 1284 460 «
1306 421 1351 465 Si
1366 421 1475 466 ratio

103 513 123 532 ›>
148 492 378 554 quaeritur,
412 508 497 536 non
528 491 610 536 erit
649 489 848 536 mirabile
874 507 884 534 ε
913 511 933 532 ›>
959 489 1044 536 hoc
1067 490 1180 535 enim
1203 490 1368 537 dictum
1393 501 1471 546 est,

101 577 189 607 non
208 561 309 624 quia
335 577 424 606 non
445 571 506 606 est
536 561 664 615 ratio,
691 559 764 606 sed
782 560 885 623 quia
910 559 1027 607 latet.
1060 559 1183 605 Illius
1212 571 1355 606 autem
1387 578 1476 606 non

100 630 317 687 miraculi,
346 630 419 676 sed
443 631 612 686 erroris,
637 630 932 675 demonstrare
959 629 1089 675 debet
1111 629 1276 675 nullam
1300 648 1385 676 6336
1403 648 1477 677 ra-

101 701 278 757 tionem,
300 701 496 764 quisquis
512 701 556 747 id
581 701 807 764 opinantes
842 699 1033 746 refellere
1053 700 1313 759 aggreditur.
1351 701 1477 747 Sicut

100 772 213 818 enim
232 771 352 817 nulla
379 772 487 817 ratio
510 783 590 827 est,
613 789 698 836 qua
729 771 809 817 Dei
827 781 982 816 natura
1020 770 1249 826 moriatur,
1275 782 1349 817 aut
1374 788 1477 817 cor-

100 853 350 905 rumpatur,
375 853 449 887 aut
470 853 619 906 peccet
637 862 648 896 3
669 852 711 887 et
737 858 838 887 611111
853 841 939 887 1106
955 841 1093 886 Deum
1113 858 1201 886 non
1221 858 1344 904 posse
1370 841 1479 888 diei-

100 928 215 968 mus,
233 929 320 957 non
339 911 593 971 derogamus
612 912 812 975 potestati
829 914 937 971 ejus,
963 910 1034 956 sed
1055 910 1338 956 aeternitatem
1360 911 1476 957 veri-

102 991 320 1045 tatemque
357 981 587 1028 laudamus
616 1000 626 1027 :
654 982 713 1028 ita
739 999 837 1028 eum
859 982 1047 1027 dicimus
1071 998 1159 1027 non
1184 998 1306 1044 posse
1341 981 1480 1028 videri

101 1052 239 1099 oculis
257 1053 490 1116 corporeis,
509 1071 597 1099 non
616 1053 732 1108 latet,
750 1052 822 1098 sed
842 1063 961 1116 patet
985 1052 1093 1098 ratio
1117 1052 1227 1098 bene
1242 1053 1283 1098 in
1292 1052 1479 1113 [elligen-

101 1122 236 1178 tibus,
266 1140 353 1186 qua
380 1124 659 1187 perspicuum
699 1134 761 1170 est
800 1124 940 1169 Deum
963 1139 1123 1186 corpus
1156 1140 1242 1168 non
1267 1140 1369 1178 esse,
1399 1139 1478 1168 1166

102 1192 269 1256 aliquid
303 1194 519 1256 corporeis
543 1194 680 1240 0611113
718 1193 836 1239 661111
874 1210 1013 1256 posse.
1042 1192 1123 1238 nisi
1148 1192 1267 1255 quod
1295 1192 1478 1252 aliquus

99 1263 315 1310 intervalli
344 1265 672 1328 interpositione
690 1275 892 1310 cernatur
916 1282 926 1309 ε
949 1263 994 1309 id
1017 1274 1158 1309 autem
1184 1263 1355 1310 nonnisi
1375 1280 1478 1309 cor-

99 1349 183 1397 pus
211 1350 310 1387 esse,
341 1350 523 1397 eamque
555 1334 841 1380 substantiam
875 1350 976 1397 quae
1005 1333 1147 1378 minor
1180 1333 1234 1378 sit
1269 1333 1312 1378 in
1354 1343 1479 1396 parte

100 1420 229 1467 quam
258 1403 304 1448 in
326 1413 442 1457 toto;
473 1403 592 1467 quod
632 1404 684 1450 de
720 1406 811 1450 Deo
844 1403 1016 1449 credere
1047 1403 1165 1448 nefas
1205 1420 1290 1449 esse
1326 1402 1474 1460 debet,

100 1474 227 1520 etiam
245 1473 294 1519 iis
315 1474 391 1537 qui
413 1474 498 1520 hoc
518 1474 752 1535 intelligere
772 1474 967 1520 nondum
988 1472 1146 1519 valent.

166 1545 245 1590 IX.
265 1545 391 1590 Latet
424 1545 533 1591 ratio
560 1545 829 1591 diversarum
859 1543 1249 1591 commutationum
1273 1560 1282 1588 :
1315 1553 1356 1590 et
1373 1543 1480 1591 hinc

100 1627 162 1662 est
177 1616 371 1662 omnium
394 1616 633 1663 visibilium
654 1615 773 1679 sylva
797 1615 1126 1661 miraculorum.
1160 1613 1386 1677 Numquid
1410 1625 1479 1660 ta-

101 1705 200 1734 men
232 1687 327 1733 ideo
346 1687 450 1732 latet
477 1705 563 1733 esse
589 1704 792 1751 corpora,
823 1687 985 1733 habere
1004 1703 1080 1731 nos
1099 1702 1276 1749 corpus,
1306 1684 1478 1731 nullum

101 1775 192 1805 esse
214 1757 669 1821 quantulumcumque
687 1757 1017 1821 corpusculum,
1047 1755 1164 1819 quod
1190 1772 1276 1800 non
1302 1771 1384 1818 pro
1402 1771 1479 1801 suo

101 1827 232 1875 modo
248 1827 334 1873 loci
359 1838 544 1890 occupet
565 1827 754 1890 spatium
771 1844 872 1883 ¹gnec
887 1827 930 1872 in
952 1843 1000 1872 eo
1024 1825 1142 1889 quod
1169 1835 1359 1887 occupat
1374 1824 1478 1870 ubi-

101 1915 186 1963 que
204 1898 257 1943 sit
282 1907 436 1953 totum,
463 1897 535 1942 sed
557 1898 698 1942 minus
717 1897 770 1942 sit
792 1897 836 1942 in
858 1907 981 1960 parte
1008 1911 1138 1959 quam
1160 1895 1204 1940 in
1224 1896 1348 1940 toto?
1370 1894 1480 1940 Haec

101 1967 308 2032 quoniam
338 1984 425 2011 non
448 1967 599 2018 latent,
620 1967 689 2012 his
728 1966 991 2012 contexenda
1014 1975 1114 2010 sunt
1151 1964 1475 2027 consequentia,

100 2038 221 2104 quod
245 2055 361 2083 1111116
388 2037 527 2083 facere
552 2038 679 2083 nimis
703 2037 879 2098 longum
905 2048 965 2083 est
986 2075 995 2093 ,
1027 2036 1188 2099 quibus
1226 2034 1480 2081 ostendatur

102 2127 189 2156 non
203 2110 413 2154 rationem
427 2108 572 2164 latere,
595 2108 666 2154 sed
689 2109 896 2154 rationem
917 2108 1095 2153 omnino
1111 2105 1275 2151 nullam
1295 2122 1380 2151 esse
1394 2121 1482 2169 qua

103 2180 222 2228 credi
251 2179 420 2236 debeat,
445 2180 510 2225 vel
545 2179 681 2243 possit
703 2179 901 2239 intelligi,
927 2180 1062 2223 Deum
1089 2176 1162 2240 qui
1178 2176 1342 2239 ubique
1367 2186 1482 2222 totus

103 2261 182 2307 est,
210 2266 288 2295 1166
311 2266 389 2311 per
412 2249 760 2312 spatialocorum
781 2266 989 2312 corporea
1004 2247 1117 2292 mole
1141 2246 1415 2303 diffunditur,
1437 2248 1482 2290 in

103 2338 188 2385 qua
209 2337 376 2366 necesse
394 2320 555 2365 habeat
569 2321 769 2383 partibus
789 2319 1029 2379 majoribus
1043 2316 1373 2380 minoribusque
1384 2332 1485 2362 con-

103 2404 231 2447 stare,
256 2391 373 2437 cerni
393 2391 611 2454 corporeis
636 2391 772 2437 oculis
792 2407 927 2453 posse.
956 2388 1081 2434 Unde
1099 2387 1227 2451 plura
1241 2387 1428 2433 dicerem
1450 2386 1484 2433 si

104 2462 251 2508 hocin
269 2461 448 2525 epistola
464 2462 539 2507 ista
557 2462 835 2525 suscepissem
848 2508 853 2515 s
865 2460 909 2505 in
924 2463 1048 2518 cujus
1062 2457 1378 2517 longitudinem
1392 2474 1482 2503 non

105 2532 211 2578 senti
221 2548 546 2595 ensprogressus
560 2548 671 2584 sum,
696 2548 805 2595 pene
824 2529 988 2575 oblitus
1003 2527 1344 2591 occupationum
1365 2544 1486 2573 mea-

103 2620 216 2662 rum,
235 2601 294 2649 ita
319 2612 365 2648 ut
381 2601 574 2660 fortasse,
597 2601 714 2666 quod
734 2618 820 2647 11011
847 2599 1113 2654 arbitrabar,
1136 2596 1365 2645 intentioni
1396 2607 1485 2644 tuae
