1799 3251
326 312 426 370 '404
754 328 789 358 s.
833 326 1078 360 Auens-rim
1116 328 1320 361 eriscom

330 414 351 435 c<
373 393 471 439 Non
497 392 663 439 irritam
682 393 794 440 facio
818 395 996 454 gratiam
1014 396 1105 443 Dei.
1138 397 1249 441 Nam
1272 396 1304 440 si
1340 412 1421 458 per
1439 395 1593 456 Legem
1609 398 1706 456 jus-

329 484 351 506 »
376 464 498 515 titia,
537 481 637 524 ergo
672 464 873 510 Christus
903 465 1033 526 gratis
1074 477 1271 511 mortuus
1310 476 1371 510 est
1387 465 1419 513 1.
1455 487 1475 507 >³
1515 468 1577 511 De
1617 466 1702 513 hac

328 535 542 598 scriptum
567 545 660 580 est:
688 556 708 576 c<
729 536 937 581 Evacuati
973 536 1070 581 estis
1114 554 1135 581 a
1173 535 1373 591 Christo,
1415 535 1490 599 qui
1520 536 1564 581 in
1589 537 1702 596 Lege

328 626 350 646 2>
368 604 694 664 justificamini2
724 623 745 650 a
780 606 914 664 gratia
938 606 1198 652 excidistis2.
1224 627 1243 647 υ
1282 606 1345 649 De
1379 605 1463 651 hac
1487 606 1702 668 scriptum

323 687 385 721 est
413 693 422 720 :
454 697 473 717 <a
493 676 539 722 Si
563 686 705 720 autem
733 676 867 734 gratia
885 713 895 732 ,
918 680 1010 735 jam
1047 693 1133 721 non
1163 693 1209 721 ex
1247 675 1478 738 operibus3
1502 675 1696 739 alioquin

325 766 348 787 >³
373 746 606 805 gratiajam
624 762 708 790 non
728 756 790 790 est
810 746 991 804 gratia-³.
1020 768 1039 787 >2
1060 747 1123 790 De
1140 746 1225 791 hac
1246 746 1455 808 scriptum
1483 756 1543 792 est
1569 763 1579 791 z
1605 767 1625 787 «
1650 747 1700 791 Ei

325 837 347 857 >³
372 827 512 862 autem
541 817 617 879 qui
645 827 850 879 operatur
883 834 1044 863 merces
1069 835 1155 862 non
1188 818 1432 879 imputatur
1461 817 1699 862 secundum

325 908 348 928 »
369 887 547 946 gratiam
563 922 573 942 ‚
595 886 668 932 sed
687 887 924 932 secundum
945 887 1141 932 debitum
1161 888 1222 932 :ei
1243 898 1384 932 autem
1399 887 1474 950 qui
1493 905 1579 932 non
1601 904 1700 950 ope-

324 978 347 997 »
374 968 522 1012 ratur,
549 956 741 1001 credenti
779 968 920 1002 autem
946 959 988 1002 in
1016 975 1113 1003 eum
1139 959 1216 1020 scitii
1233 959 1446 1017 justificat
1481 957 1664 1020 impium
1686 994 1696 1012 ‚

322 1047 345 1067 ³>
370 1038 598 1090 reputatur
616 1026 722 1071 fides
744 1029 833 1085 ejus
860 1027 1178 1086 adjustitiam&
1203 1050 1222 1069 ›>
1244 1029 1298 1073 Et
1313 1027 1449 1072 multa
1465 1027 1545 1072 alia
1566 1064 1576 1081 ‚
1600 1044 1700 1090 quae

321 1098 473 1142 melius
499 1108 623 1160 potes
641 1097 732 1159 ipse
756 1098 1017 1155 meminisse,
1038 1109 1078 1143 et
1095 1098 1331 1157 intelligere
1350 1098 1608 1161 prudentius
1627 1135 1637 1153 ,
1659 1108 1701 1142 et

321 1168 530 1214 illustrius
553 1167 809 1230 praedicare.
841 1168 966 1213 Illam
992 1186 1091 1215 vero
1121 1171 1331 1228 gratiam,
1354 1186 1439 1232 qua
1464 1170 1596 1214 creati
1625 1185 1699 1213 su-

318 1256 416 1286 mus
444 1239 642 1283 homines
660 1275 670 1294 ,
710 1237 874 1283 etiamsi
907 1238 966 1283 ita
1009 1239 1314 1302 appellandam
1354 1256 1440 1284 non
1481 1238 1698 1283 immerito

319 1308 604 1368 intelligimus
623 1344 634 1363 ‚
662 1308 822 1352 mirum
847 1319 907 1353 est
937 1320 1078 1354 tamen
1111 1310 1144 1354 si
1167 1310 1224 1354 ita
1251 1308 1512 1372 appellatam
1537 1309 1581 1352 in
1603 1308 1699 1353 ullis

317 1379 546 1438 legitimis,
579 1378 878 1441 propheticis,
907 1379 1173 1439 livaugelicis
1194 1416 1205 1436 ‚
1244 1379 1592 1442 Apostolicisque
1620 1378 1698 1423 lit-

323 1449 424 1493 teris
445 1449 639 1508 legimus,

387 1522 466 1566 LX.
500 1522 612 1567 Cum
650 1521 796 1583 itaque
832 1520 885 1566 de
915 1521 1000 1567 hac
1037 1522 1170 1581 gratia
1211 1521 1472 1567 Christianis
1495 1519 1699 1565 fidelibus

321 1591 637 1654 catholicisque
657 1591 877 1636 notissima
893 1628 903 1646 ‚
930 1591 990 1636 illi
1019 1593 1282 1652 objiceretur
1302 1591 1483 1654 quaestio
1499 1627 1508 1645 ‚
1534 1601 1579 1635 ut
1604 1607 1698 1635 eam

320 1679 575 1725 oppugnare
595 1661 804 1706 desineret
823 1699 832 1715 ,
853 1662 959 1724 quid
976 1673 1037 1707 est
1051 1662 1169 1725 quod
1190 1679 1288 1707 cum
1307 1662 1405 1706 haec
1423 1661 1505 1706 sibi
1522 1662 1566 1706 in
1583 1661 1698 1706 libro

318 1749 396 1777 suo
420 1732 540 1779 velut
566 1731 819 1777 adversante
842 1749 1027 1794 persona
1054 1733 1166 1778 idem
1190 1733 1282 1796 ipse
1306 1731 1558 1791 objecisset,
1586 1741 1634 1776 ut
1657 1747 1698 1776 se

320 1801 625 1865 respondendo
652 1812 856 1864 purgaret
874 1839 884 1857 ,
916 1802 1024 1847 nihil
1055 1803 1173 1848 aliud
1202 1801 1447 1865 respondit,
1471 1801 1553 1845 nisi
1568 1812 1698 1846 natu-

318 1889 411 1917 ram
436 1873 567 1918 creati
604 1873 793 1918 hominis
827 1873 980 1917 referre
1005 1874 1184 1932 gratiam
1217 1873 1457 1926 Creatori&
1486 1882 1617 1933 atque
1637 1871 1697 1917 ita

319 1942 534 1999 sedicem,
557 1943 645 1988 sine
660 1953 841 2005 peccato
859 1943 1030 2005 impleri
1050 1962 1170 2006 posse
1188 1945 1398 2003 justitiam
1418 1960 1493 2005 per
1511 1942 1696 1987 liberum

320 2014 550 2059 arbitrium
575 2031 675 2058 cum
703 2014 918 2073 adjutorio
940 2014 1100 2059 divinae
1122 2016 1271 2074 gratiae
1290 2051 1299 2069 ‚
1330 2013 1449 2076 quod
1479 2014 1589 2057 Deus
1610 2012 1695 2057 hoc

320 2086 489 2132 dederit
508 2087 674 2132 homini
696 2088 788 2149 ipsa
808 2086 1094 2149 possibilitate
1113 2090 1314 2132 naturae?
1337 2086 1419 2130 tlui
1438 2084 1589 2129 merito
1606 2101 1695 2129 res-

322 2158 541 2220 pondetur
562 2177 572 2202 ε
596 2180 614 2198 «
637 2159 749 2217 Ergo
775 2168 1030 2203 evacuatum
1051 2168 1111 2203 est
1127 2157 1376 2203 scandalum
1395 2157 1550 2201 cruris.
1582 2157 1694 2213 Ergo

320 2251 341 2270 2)
368 2229 569 2274 Christus
593 2230 721 2288 gratis
746 2239 942 2273 mortuus
963 2239 1022 2273 est
1041 2228 1072 2274 ⁵.
1102 2250 1120 2269 »
1144 2230 1258 2274 Num
1287 2228 1400 2273 enim
1425 2228 1457 2271 Si
1483 2243 1569 2271 uon
1597 2243 1694 2271 mo-

320 2309 485 2343 reretur
504 2309 684 2361 propter
704 2298 862 2343 delicta
882 2309 1026 2343 nostra
1042 2336 1051 2354 ‚
1077 2309 1118 2343 et
1143 2308 1379 2357 resurgeret
1403 2306 1582 2359 propter
1596 2299 1693 2355 J'us-

323 2368 598 2412 titicationem
621 2378 808 2412 nostram
828 2404 839 2422 ,
859 2385 939 2413 nec
960 2368 1216 2413 ascendisset
1235 2369 1280 2413 in
1305 2367 1439 2412 altum
1457 2404 1467 2422 ,
1489 2376 1530 2410 θῖ
1551 2366 1692 2429 capti-

320 2455 426 2482 vans
459 2437 756 2500 captivitatem
779 2436 900 2482 daret
931 2437 1045 2483 dona
1069 2438 1356 2483 homiuibusG
1376 2474 1387 2493 ,
1415 2437 1492 2482 ista
1525 2446 1694 2481 naturae

320 2506 583 2571 possibilitas
598 2524 726 2570 quam
752 2507 969 2564 defendit,
994 2508 1040 2554 in
1058 2508 1313 2554 hominibus
1334 2524 1422 2553 non
1441 2509 1576 2552 esset?

369 2608 377 2627 ¹
395 2606 498 2638 Galat.
519 2617 554 2641 ii,
571 2618 625 2638 21.
643 2626 683 2631 -
700 2606 714 2628 ‘²
732 2607 779 2641 Id,
801 2618 830 2644 v,
854 2614 884 2644 4.
902 2625 946 2631 --
965 2606 1194 2646 3R0m.x1,‹'›.
1216 2626 1258 2631 --
1273 2605 1287 2629 4
1306 2606 1354 2640 Id.
1379 2617 1421 2645 iv,
1441 2613 1471 2643 4.
1490 2623 1529 2630 -
1550 2602 1563 2627 ⁵
1583 2605 1689 2639 Galat.

319 2663 783 2701 v‚11;'1¹,2r,·-tR2»m,=v,
806 2664 914 2693 25.-
931 2661 945 2685 6
965 2663 1078 2707 Ephes.
1097 2674 1140 2699 iv,
1162 2664 1463 2705 S‚etPsat.1.w11‚
1485 2673 1534 2703 ¹9·
