1799 3251
0 2683 2 2744 1

509 332 722 364 ΕῬΙεΤοιΑ
758 334 912 366 cxmn.
1334 338 1393 388 97

26 397 212 461 reposita
230 397 426 444 habebat
444 435 454 454 ,
483 414 580 461 quae
600 415 699 444 cuni
725 416 836 462 opus
859 411 964 446 esset
984 438 994 458 ,
1020 401 1164 459 daret,
1191 402 1276 448 1100
1299 416 1390 456 est,

28 467 204 514 adderet
236 479 277 513 et
308 467 559 528 adjungeret
579 468 690 523 3‘sed
711 469 801 515 illic
820 487 867 514 ea
887 469 989 516 fecit
1014 471 1057 516 in
1084 490 1266 536 corpore
1282 511 1292 529 ‚
1323 475 1396 520 cui

29 537 194 583 dedisse
208 538 281 584 illa
303 538 466 584 dicitur
486 556 496 583 z
521 539 627 602 quid
645 539 682 584 01
702 539 1014 602 respondeatur
1035 560 1122 587 non
1147 543 1271 589 video
1286 581 1296 600 ‚
1314 545 1398 590 nisi

29 607 138 654 forte
164 607 246 653 alia
265 608 332 654 vel
350 609 591 654 testimonia
608 608 900 672 proferantur,
930 610 994 655 vel
1014 622 1128 657 certa
1150 613 1257 658 ratio
1282 614 1398 660 unde

31 678 111 723 ista
135 679 281 741 opinio
307 677 540 726 refellatur.
578 681 773 742 Itemque
795 679 859 725 illi
887 681 962 743 qui
980 692 1138 744 putant
1169 683 1331 730 animas
1354 685 1401 729 in

34 765 218 812 corpora
241 760 394 812 sponte
424 749 611 796 defluere
629 787 640 806 ,
671 750 731 795 510
763 751 986 813 accipiunt
1022 751 1189 798 dictum
1207 791 1217 809 ‚
1245 775 1265 794 z<
1290 755 1405 800 Deus

37 841 58 861 ›>
77 819 198 865 dedit
226 837 350 876 eum,
373 842 393 862 »
424 821 646 884 quomodo
684 820 850 866 dictum
891 833 952 866 est
984 840 994 866 z
1024 844 1042 862 α
1070 823 1271 870 Tradidit
1309 824 1406 870 illos

39 911 60 931 »
83 890 199 936 Deus
236 890 280 935 in
326 891 721 954 concupiscentiam
766 890 908 936 cordis
949 892 1140 939 eoruml.
1169 916 1188 934 ›>
1219 894 1411 940 Proinde

40 976 176 1005 unum
191 960 373 1006 verbum
390 961 666 1024 relinquitur,
685 961 800 1023 quod
819 961 985 1007 dictum
1001 973 1060 1007 est
1084 980 1093 1007 :
1116 984 1134 1003 α
1154 964 1413 1010 Revertatur

42 1051 63 1072 2>
85 1029 139 1075 ad
156 1031 294 1075 Deum
313 1067 323 1086 ‚
347 1052 367 1072 ι)
397 1048 484 1094 quo
510 1042 639 1094 pacto
667 1031 806 1094 accipi
831 1032 968 1093 possit
995 1033 1174 1087 reverti,
1209 1034 1287 1080 ubi
1316 1045 1415 1080 ante

43 1117 130 1146 non
148 1098 233 1146 fuit
248 1138 258 1156 ‚
283 1101 315 1146 si
335 1102 489 1147 animae
510 1099 553 1146 in
574 1103 659 1146 suis
674 1118 861 1164 quaeque
885 1102 1144 1164 corporibus
1162 1104 1274 1149 fiunt
1292 1142 1302 1157 ‚
1328 1121 1417 1168 quo

46 1170 137 1216 solo
159 1171 293 1216 verbo
321 1189 405 1217 una
440 1171 611 1217 illarum
632 1182 820 1235 quatuor
857 1183 1106 1231 angustatur
1132 1174 1297 1236 opinio.
1332 1175 1415 1220 Sed

48 1257 187 1305 neque
207 1253 388 1306 propter
410 1243 497 1288 hoc
530 1259 665 1288 :inum
693 1243 873 1287 verbum
904 1253 1060 1289 temere
1083 1244 1276 1290 existimo
1300 1246 1420 1291 illam

51 1314 302 1358 sententiam
326 1331 411 1358 esse
432 1312 727 1363 refutandam,
758 1331 808 1357 110
834 1312 941 1358 forte
965 1314 1099 1376 possit
1120 1315 1308 1360 ostendit
1337 1316 1421 1361 ali-

53 1400 140 1445 quo
171 1400 321 1443 genere
345 1384 602 1439 locutionis,
636 1401 724 1447 quo
750 1394 897 1428 sancta
932 1384 1159 1447 Scriptura
1194 1387 1256 1431 uti
1291 1386 1422 1437 solet.

55 1452 142 1498 hoc
162 1470 336 1517 quoque
358 1466 471 1500 recte
494 1454 582 1499 dici
606 1454 820 1517 potuisse,
845 1464 891 1499 ut
912 1455 1065 1499 reverti
1089 1455 1355 1515 intelligatur
1373 1456 1427 1502 ad

57 1525 200 1569 Deum
245 1525 420 1588 spiritus
456 1535 649 1580 01031115,
688 1535 894 1587 tanquam
935 1524 988 1570 ad
1031 1536 1249 1572 auctorem
1284 1545 1305 1572 a
1342 1543 1430 1590 quo

59 1605 229 1640 creatus
254 1606 316 1641 est
335 1633 346 1652 ,
373 1613 462 1641 non
487 1606 692 1658 tanquam
718 1593 771 1640 ad
798 1597 934 1640 Deum
969 1596 1087 1658 apud
1114 1613 1241 1658 quem
1271 1597 1429 1659 primi-

61 1673 129 1709 tus
146 1664 243 1712 fuit.

126 1738 205 1783 XI.
238 1738 346 1783 Haec
366 1738 462 1784 ideo
488 1738 661 1801 scripsi,
684 1749 729 1783 ut
754 1737 950 1800 quisquis
977 1737 1147 1783 illarum
1172 1748 1359 1800 quatuor
1379 1738 1433 1784 de

64 1806 207 1852 anima
240 1808 546 1854 sententiarum
577 1807 764 1870 aliquam
791 1806 974 1852 voluerit
998 1818 1184 1853 astruere
1205 1819 1335 1871 atque
1355 1808 1436 1854 de-

64 1873 258 1934 fendere,
282 1878 381 1923 talia
408 1878 625 1941 proferat,
643 1877 710 1922 vel
730 1876 783 1922 de
809 1878 1046 1940 Scripturis
1064 1878 1108 1923 in
1134 1879 1437 1925 auctoritatem

65 1947 395 1994 ecclesiasticam
422 1949 606 2011 receptis
625 1985 634 1997 ,
673 1964 773 2010 quae
806 1964 890 1993 non
918 1948 1079 2010 possint
1117 1948 1237 1994 aliter
1266 1950 1436 2013 accipi;

67 2017 194 2064 sicuti
218 2030 304 2075 est,
328 2019 448 2083 quod
476 2022 594 2064 Deus
618 2018 839 2063 hominem
872 2018 974 2063 fecit
992 2035 1002 2062 ε
1023 2018 1090 2064 vel
1120 2019 1330 2064 rationem
1352 2031 1439 2065 tam

69 2099 229 2135 certam
252 2127 263 2146 ‚
286 2101 335 2136 ut
364 2089 652 2136 contradictio
689 2100 763 2133 aut
798 2088 917 2134 nulla
949 2089 1127 2143 existat,
1155 2100 1230 2134 aut
1261 2090 1441 2136 insaniae

69 2158 218 2205 similis
241 2161 648 2221 meritojudicetur3
665 2158 783 2205 velut
803 2159 835 2204 si
855 2159 1083 2222 quisquam
1100 2159 1216 2205 dicat
1232 2198 1242 2215 ‚
1266 2178 1345 2207 nec
1366 2179 1441 2207 ve-

71 2229 244 2276 ritatem
267 2248 522 2291 cognoscere
541 2267 550 2283 ,
576 2246 653 2275 nec
671 2228 758 2274 falli
774 2246 1037 2292 quemquam
1057 2247 1178 2292 posse
1195 2231 1276 2275 nisi
1297 2231 1444 2277 viven-

75 2310 174 2348 tem.
217 2303 366 2365 Neque
403 2303 514 2348 enim
548 2312 594 2346 ut
628 2301 850 2346 videamus
888 2318 1017 2362 quam
1060 2300 1147 2345 1100
1180 2301 1233 2346 511
1264 2319 1441 2358 verum,

77 2369 403 2438 Scripturarum
447 2372 680 2418 auctoritas
706 2372 939 2416 necessaria
975 2381 1062 2425 est,
1092 2387 1141 2415 ac
1179 2388 1266 2417 non
1301 2390 1447 2420 sensus

77 2450 168 2514 ipse
183 2445 425 2495 communis
450 2444 508 2489 ita
535 2459 682 2487 verum
713 2458 797 2486 esse
830 2441 1061 2504 perspicua
1080 2440 1245 2487 ratione
1268 2443 1447 2505 procla-

77 2531 193 2576 mat,
224 2530 272 2565 111
285 2516 481 2581 quisquis
499 2513 806 2560 contradixerit
824 2549 833 2566 ‚
852 2511 1195 2557 dementissimus
1214 2512 1442 2562 habeatur.

80 2591 177 2637 Hoc
190 2590 223 2635 si
243 2589 288 2635 111
306 2588 385 2633 ista
406 2583 710 2631 obscurissima
726 2582 964 2645 quaestione
982 2618 992 2638 ‚
1018 2597 1118 2644 quae
1135 2580 1189 2626 (10.
1206 2582 1349 2630 anima
1369 2596 1448 2640 051,

132 2676 141 2697 ¹
164 2678 257 2706 Rom.
287 2683 313 2706 1,
335 2675 385 2703 14.

246 2741 402 2769 cmvii.
1308 2737 1331 2783 7
