1799 3251
573 271 787 306 EPISTOLA
824 274 938 307 CXLI.
1384 280 1444 330 77

76 339 216 400 ginem
241 339 536 397 subscribere,
561 340 636 403 qui
669 340 713 385 in
748 340 897 386 itinere
917 342 1009 399 jam
1034 340 1248 389 defecerat
1267 381 1277 400 ,
1310 346 1446 393 vehe-

76 410 260 456 mentius
283 411 552 473 perturbati,
577 410 660 456 alio
686 410 913 456 mendacio
937 427 978 456 se
1000 411 1330 471 obligaverunt,
1354 434 1447 462 res-

75 481 422 545 pondenteseum
437 499 459 526 a
472 480 734 540 Carthagine
750 480 1002 526 redeuntem
1016 481 1143 528 fuisse
1159 482 1414 532 defunctum
1435 507 1445 533 :

77 551 131 597 de
152 567 240 614 quo
265 550 492 596 mendacio
519 551 628 595 exire
652 551 830 596 omnino
857 551 1031 596 minime
1054 563 1307 614 potuerunt.
1338 556 1451 603 Ecce

77 622 239 685 quibus
260 621 436 667 creditis
459 621 524 667 vel
549 620 602 666 de
627 622 803 684 antiqua
835 621 1065 667 traditione
1081 659 1091 677 ,
1118 622 1186 668 vel
1209 623 1262 669 de
1284 627 1450 686 (logni—

79 692 183 737 toris
201 693 503 755 corruptione,
530 692 606 755 qui
631 692 890 737 Mandatum
911 709 1035 738 suum
1054 730 1064 748 ,
1085 694 1161 739 ubi
1183 695 1308 741 nobis
1333 697 1452 756 obje-

80 771 234 807 cerunt
247 762 410 807 crimen
432 761 675 807 traditionis
688 798 697 816 ,
715 778 803 807 non
821 772 1061 825 potuerunt
1078 765 1349 812 conscribere
1366 768 1455 813 sine

80 832 261 878 crimine
285 832 494 879 falsitatis.
526 832 717 878 Proinde
735 849 835 896 quae
859 832 1038 878 maxime
1062 836 1294 881 necessaria
1318 837 1455 884 credi-

82 901 254 959 dimus,
290 903 359 948 his
393 903 547 949 litteris
585 913 790 966 tanquam
818 903 1033 949 breviario
1066 903 1246 951 collecta
1270 907 1457 954 inserui-

83 989 202 1031 mus,
226 990 279 1018 ne
301 973 410 1021 forte
435 973 486 1019 ad
521 991 674 1034 magna
703 975 934 1020 Gestorum
966 974 1188 1020 volumina
1213 977 1278 1022 vel
1300 996 1457 1041 perve-

84 1043 175 1089 nire
197 1060 285 1089 non
303 1044 429 1090 facile
451 1044 621 1108 possitis
637 1082 647 1094 .
673 1043 739 1090 vel
765 1061 811 1090 ea
836 1044 973 1104 legere
991 1044 1256 1092 laboriosum
1277 1051 1452 1110 putetis.

149 1115 209 1160 Π.
234 1114 541 1174 Carthaginem
572 1114 768 1160 venimus
790 1124 832 1160 et
854 1131 930 1160 nos
957 1125 997 1160 et
1017 1115 1210 1178 episcopi
1237 1120 1358 1164 vestri
1380 1155 1389 1174 ,
1416 1132 1457 1165 ct

84 1184 204 1248 quod
222 1184 343 1248 prius
357 1185 582 1240 nolebant,
602 1195 643 1230 et
666 1184 892 1244 indignum
914 1202 1000 1231 esse
1019 1185 1240 1243 dicebant,
1261 1189 1304 1234 in
1324 1206 1460 1236 unum

87 1255 382 1302 convenimus.
404 1255 542 1301 Electi
561 1266 662 1301 sunt
680 1272 727 1300 ex
742 1256 869 1301 nobis
886 1265 985 1301 etex
1001 1256 1121 1319 ipsiS,
1145 1269 1307 1321 septem
1326 1261 1431 1307 hinc
1447 1300 1457 1315 ,

88 1336 130 1370 et
161 1335 321 1388 septem
364 1325 493 1381 inde,
531 1325 607 1388 qui
647 1342 730 1388 pro
764 1342 892 1371 causa
924 1326 1123 1372 omnium
1158 1327 1453 1392 loquerentur.

95 1394 233 1441 Electi
260 1405 361 1441 sunt
391 1394 460 1441 alii
488 1405 654 1458 septem
677 1394 784 1440 binc
800 1431 811 1451 ,
837 1405 878 1440 et
896 1405 1057 1458 septem
1082 1395 1184 1442 inde
1200 1434 1210 1453 ,
1239 1415 1336 1445 cum
1361 1403 1463 1464 qui-

90 1465 191 1520 buS,
219 1464 296 1511 ubi
314 1482 428 1528 opus
449 1475 558 1520 erat,
587 1465 816 1511 consilium
845 1476 1174 1528 pertractarent.
1206 1468 1341 1516 Electi
1364 1484 1463 1518 sunt

90 1545 280 1599 quatuor
306 1535 411 1582 hinc
445 1546 486 1581 et
509 1547 699 1600 quatuor
725 1535 849 1592 inde,
874 1537 950 1599 qui
976 1537 1114 1582 Gestis
1138 1541 1462 1589 conscribendis

92 1605 291 1651 custodes
311 1616 472 1662 essent,
509 1623 562 1652 ne
584 1605 833 1652 infalsatum
855 1605 1019 1670 aliquid
1042 1607 1099 1652 ab
1123 1607 1268 1672 aliquo
1293 1610 1464 1659 dicere-

95 1687 178 1723 tur.
211 1677 313 1723 Dati
341 1688 440 1723 sunt
461 1677 591 1723 etiam
616 1695 638 1723 a
662 1677 789 1723 nobis
808 1687 849 1722 et
874 1677 930 1722 ab
961 1677 1065 1740 ipsis
1087 1680 1245 1724 notarii
1275 1694 1464 1743 quatuor

94 1746 224 1803 hinc,
251 1758 293 1793 et
309 1758 498 1812 quatuor
522 1748 648 1802 inde,
675 1758 723 1793 ut
750 1747 842 1793 bini
860 1763 961 1793 cum
988 1749 1290 1811 exceptoribus
1306 1753 1469 1811 judicis

97 1815 382 1874 alternarent,
415 1835 468 1863 ne
490 1817 644 1881 aliquis
666 1828 862 1863 nostrum
883 1834 925 1863 se
948 1817 1098 1863 dixisse
1124 1818 1287 1880 aliquid
1314 1839 1468 1870 causa-

41 1896 43 1899 ’
97 1898 230 1944 retur,
252 1887 369 1950 quod
391 1905 477 1934 non
505 1887 650 1934 fuisset
668 1898 909 1951 exceptum.
943 1887 1057 1934 Huic
1081 1898 1214 1934 tantae
1230 1890 1468 1952 diligentiae

95 1957 224 2002 etiam
244 1957 354 2004 illud
371 1969 432 2004 est
455 1958 653 2004 additum
673 1995 684 2012 ,
714 1968 814 2004 utet
830 1974 905 2003 nos
917 1967 958 2004 et
971 1957 1077 2021 ipsi,
1094 1960 1469 2023 quemadmodum

99 2029 190 2091 ipse
207 2028 360 2088 judex,
388 2029 529 2075 verbis
554 2029 711 2075 nostris
736 2028 1110 2076 subscriberemus
1126 2066 1137 2085 ,
1163 2047 1216 2076 ne
1238 2032 1469 2096 quisquam

99 2097 263 2144 diceret
284 2098 426 2161 in'jllis
444 2100 583 2145 Gestis
600 2099 764 2162 aliquid
786 2098 853 2145 vel
875 2108 1022 2162 postea
1046 2098 1174 2145 fuisse
1190 2113 1465 2166 corruptum.

104 2168 216 2214 Cum
239 2169 352 2214 enim
377 2168 526 2215 adhuc
547 2170 796 2216 viventibus
814 2170 872 2214 eis
887 2206 897 2225 ,
916 2169 992 2231 qui
1012 2169 1384 2233 subscripserunt,
1407 2174 1473 2220 in-

103 2239 326 2284 notuerint
345 2239 492 2284 eadem
516 2241 645 2285 Gesta
668 2240 874 2295 omnibus
893 2238 1022 2295 locis,
1047 2239 1091 2284 in
1118 2240 1280 2302 quibus
1304 2254 1476 2306 oportet

105 2319 153 2354 ut
174 2309 467 2362 innotescant3
490 2310 549 2355 sic
573 2310 700 2355 etiam
735 2309 789 2355 ad
826 2319 1020 2372 posteros
1044 2309 1299 2357 confirmata
1324 2314 1480 2360 veritas

106 2377 379 2442 perdurabit.
410 2378 554 2426 Nolite
583 2396 683 2440 ergo
710 2396 796 2425 esse
827 2378 987 2439 ingrati
1013 2389 1145 2424 tantae
1175 2380 1484 2430 misericordiae

109 2449 187 2493 nei
203 2485 214 2502 ‚
243 2465 344 2512 quae
375 2466 452 2512 per
489 2450 612 2496 istam
654 2449 923 2508 diligentiam
962 2448 1085 2494 vobis
1124 2449 1364 2498 ministrata
1399 2465 1474 2502 est.

110 2517 240 2565 Nulla
257 2520 571 2584 excusatiojam
591 2520 817 2579 remansit,
835 2519 1018 2566 nimium
1034 2518 1166 2577 dura,
1192 2520 1376 2569 nimium
1397 2523 1488 2570 dia·
