1799 3251
597 279 810 313 nmsrorA
845 280 979 311 crvn.
1393 267 1483 328 947

118 350 318 405 Domini3
340 347 413 395 sed
434 346 506 393 illa
521 346 670 401 salute,
696 346 748 392 de
768 344 958 409 quaipse
981 344 1088 392 dicit
1111 363 1121 391 ι
1144 366 1164 387 c<
1185 347 1281 391 'Non
1296 357 1357 391 est
1377 362 1487 409 opus

116 442 137 477 ³?
157 421 270 471 sanis
294 418 504 471 medicus,
531 417 603 462 sed
643 416 954 476 aegrotantibus
979 415 1028 468 ²3
1054 437 1074 457 »
1106 426 1146 461 et
1173 416 1279 479 quid
1311 416 1484 472 dixerit,

114 500 422 554 consequenter
444 505 684 551 exponens:
709 509 728 528 «
754 487 852 531 Non
877 486 991 540 veni,
1018 482 1360 550 inquitqvocare
1394 491 1488 546 jus-

115 580 136 601 »
162 571 238 605 tos,
259 560 332 604 sed
355 569 620 623 peccatores.
645 579 663 598 »
686 561 827 602 Justos
843 573 942 616 ergo
969 573 1109 611 sanos,
1133 568 1383 619 peccatores
1406 575 1489 604 au-

113 640 198 675 tem
223 629 328 674 dixit
360 625 555 688 aegrotos.
592 628 686 673 Non
702 627 848 690 itaque
872 626 925 671 de
944 628 1030 672 suis
1050 628 1220 672 vtribus
1247 639 1485 695 praesumat

112 709 312 759 aegrotu5‚
333 698 433 765 quia
448 699 491 743 in
516 696 797 747 multitudine
823 696 994 742 virtutis
1008 713 1095 742 suae
1114 713 1202 741 non
1216 698 1296 741 erit
1316 698 1474 745 salvum

112 770 222 815 Nam
238 770 270 815 si
295 769 392 814 inde
412 768 659 832 praesumit,
682 767 825 813 videat
851 784 901 812 ne
918 767 1027 816 vires
1052 767 1144 812 istae
1165 784 1252 812 non
1274 768 1358 816 sint
1374 786 1488 832 qua-

110 838 168 884 les
192 839 328 884 solent
350 835 435 885 esse
459 856 680 893 sanorum,
707 837 779 883 sed
807 837 955 906 quales
988 837 1126 887 solent
1148 855 1233 887 esse
1257 838 1489 902 phreneti-

109 925 286 960 corum:
312 910 389 973 qui
414 926 512 955 cum
535 912 620 955 sint
638 909 774 958 insani
795 908 900 954 adeo
927 925 968 953 se
992 924 1115 953 sanos
1137 919 1313 970 putant,
1339 919 1385 955 ut
1409 927 1489 957 nec

107 978 325 1024 medicum
344 989 561 1043 quaerant,
589 989 630 1024 et
652 989 859 1041 tanquam
884 977 1184 1041 importunum
1201 978 1378 1046 insuper
1396 997 1487 1026 cae-

108 1047 214 1094 dant
239 1067 249 1095 ε
281 1050 395 1095 sicut
418 1049 487 1095 isti
511 1049 737 1094 Christum
759 1049 908 1094 insana
930 1049 1133 1111 Superbia
1153 1048 1343 1116 quodam
1361 1050 1492 1099 modo

108 1118 300 1172 caedunt,
337 1122 462 1179 cujus
487 1119 634 1180 gratiae
657 1129 743 1164 tam
778 1119 1015 1178 benignum
1041 1118 1305 1178 adjutorium
1344 1119 1397 1165 ad
1417 1119 1486 1166 fa-

107 1188 304 1234 ciendam
323 1190 534 1250 justitiam
553 1189 655 1234 dato
689 1189 812 1248 Legis
844 1198 1065 1252 praecepto
1094 1189 1380 1238 necessarium
1397 1207 1486 1236 non

105 1275 190 1303 esse
205 1259 488 1306 contendunt.
516 1259 723 1304 Desinant
746 1276 845 1318 ergo
871 1258 931 1303 sie
954 1258 1157 1314 insanire,
1183 1269 1223 1304 ct
1251 1258 1304 1304 ad
1332 1259 1417 1307 hoc
1443 1277 1486 1306 se

105 1328 347 1389 intelligant
372 1330 550 1383 habere,
573 1340 784 1392 quantum
808 1340 1003 1392 possunt,
1030 1328 1220 1375 liberum
1235 1330 1484 1388 arbitrium,

104 1415 191 1451 non
204 1408 251 1444 ut
270 1399 457 1462 superba
480 1398 701 1445 voluntate
717 1409 925 1462 respuant
940 1398 1226 1458 adjutorium,
1252 1399 1325 1444 sed
1338 1410 1386 1450 ut
1410 1400 1484 1463 pia

104 1469 327 1514 voluntate
349 1470 554 1515 invocent
573 1469 827 1516 Dominum.

167 1539 406 1590 V111.Haec
421 1540 533 1585 enim
545 1539 741 1585 voluntas
753 1540 888 1585 libera
904 1550 1022 1586 tanto
1037 1540 1116 1586 erit
1127 1540 1479 1604 liberiorquanto

101 1608 272 1654 sanior:
297 1620 416 1661 tanto
436 1621 578 1655 autem
606 1610 767 1661 sanior,
791 1621 954 1673 quanto
981 1610 1143 1656 divinae
1168 1610 1476 1658 misericordia:

100 1679 334 1745 gratiaeque
357 1681 607 1740 subjectior.
644 1682 744 1742 Ipsa
774 1682 889 1726 enim
919 1679 1105 1726 fideliter
1138 1692 1234 1726 orat
1256 1692 1298 1726 et
1328 1682 1437 1727 dicit
1462 1700 1472 1727 :

100 1769 119 1788 «
145 1749 302 1795 Itinera
325 1767 416 1794 mea
435 1750 570 1810 dirige
590 1746 825 1795 secundum
857 1751 1043 1795 verbum
1065 1762 1189 1796 tuum
1209 1789 1219 1807 ‚
1245 1762 1287 1797 et
1319 1770 1372 1797 ne
1392 1752 1477 1798 do-

101 1840 121 1860 »
146 1820 454 1871 mineturmihi
473 1821 612 1865 omnis
631 1820 880 1883 iniquitas1.
904 1842 923 1862 o
939 1822 1175 1878 Quomodo
1199 1823 1311 1868 enim
1337 1822 1475 1869 libera

98 1900 184 1945 est,
206 1890 277 1935 cui
296 1890 792 1953 dominaturiniquitas‘.)
811 1891 917 1936 Utei
938 1902 1078 1937 autem
1097 1909 1185 1937 non
1203 1892 1470 1950 dominetur,

97 1959 195 2019 vide
223 1961 279 2005 ab
306 1960 377 2005 illa
408 1961 504 2023 quis
526 1962 766 2007 invocetur.
812 1961 910 2006 Non
938 1962 1052 2007 enim
1077 1963 1135 2008 ait
1158 1980 1169 2007 :
1196 1964 1357 2009 Itinera
1378 1981 1471 2010 mea

95 2030 231 2094 dirige
248 2030 488 2082 secundum
511 2030 697 2083 liberum
720 2030 975 2087 arbitrium,
998 2033 1100 2095 quia
1119 2050 1206 2079 non
1226 2033 1474 2080 dominabi-

96 2109 167 2145 tur
198 2101 306 2152 mihi
343 2100 484 2152 omnis
519 2101 754 2164 iniquitas;
784 2100 856 2146 sed
879 2119 888 2146 :
915 2123 934 2141 κ
955 2102 1115 2154 Itinera
1151 2121 1242 2149 mea
1262 2142 1272 2159 ‚
1298 2105 1467 2168 inquit,

96 2190 116 2211 n
141 2169 276 2231 dirige
302 2170 538 2217 secundum
561 2171 740 2217 verbum
764 2182 888 2218 tuum
904 2210 914 2229 ,
942 2183 981 2218 et
1009 2190 1061 2218 ne
1089 2173 1340 2220 dominetur
1361 2176 1472 2222 mihi

95 2261 116 2282 ³>
139 2241 277 2285 omnis
292 2241 509 2304 iniquitas.
533 2262 553 2283 ›>
571 2243 798 2296 Precatur‚
821 2259 909 2287 non
929 2243 1162 2311 pollicetur
1183 2262 1192 2289 :
1214 2247 1465 2303 confltetur,

93 2327 178 2356 non
195 2311 430 2374 profitetur
448 2329 458 2355 :
477 2322 603 2374 optat
618 2311 910 2374 plenissimam
934 2313 1175 2359 libertatem
1195 2351 1205 2369 ‚
1229 2333 1314 2360 non
1330 2319 1470 2375 jactat

91 2381 317 2444 propriam
341 2392 612 2445 potestatem.
651 2383 747 2428 Non
778 2383 889 2428 enim
916 2384 1053 2429 omnis
1085 2385 1160 2447 qui
1189 2385 1358 2432 viribus
1382 2386 1467 2433 suis

92 2451 296 2507 confidit,
323 2451 396 2498 sed
420 2452 559 2498 omnis
589 2451 666 2515 qui
693 2453 869 2503 invocat
892 2471 1050 2506 nomen
1075 2455 1280 2512 Domini,
1319 2457 1462 2507 salvus

90 2521 184 2568 erit.
209 2544 228 2564 «
251 2523 485 2580 Quomodo
505 2534 647 2570 autem
663 2524 957 2583 invocabunt7
981 2526 1141 2591 inquit,
1164 2528 1207 2574 in
1230 2545 1359 2593 quem
1375 2546 1463 2575 non

139 2604 148 2627 ¹
173 2605 287 2638 Matth.
302 2617 344 2644 xx,
369 2618 473 2638 12.—
491 2604 610 2639 21bid.
631 2609 683 2642 13.
701 2626 744 2633 —-
760 2605 870 2642 3Psa1.
892 2620 1008 2648 cxvffl,
1031 2613 1099 2643 1-3.
