1799 3251
537 234 748 266 Erus’roLA
785 236 971 269 ctxxxv.
1351 229 1445 291 475

79 301 230 348 tentias
262 318 340 365 per
365 301 583 346 affectatas
618 300 835 346 hortorum
854 302 1097 365 potentias.
1134 306 1306 365 Cogunt
1331 302 1444 354 enim

75 371 442 418 multasinvenir'e
465 370 987 427 medicinas-‚multorum
1011 374 1302 436 experimenta
1323 394 1441 422 mor·

76 442 250 489 borum.
297 441 455 486 Verum
505 441 550 486 in
596 440 852 500 hujusmodi
892 443 1031 488 causis
1076 443 1154 489 ubi
1179 459 1270 507 ¹per
1300 463 1448 505 graves

77 511 389 557 dissensionum
420 510 622 556 scissuras
647 527 740 555 non·
769 511 901 571 hujus
932 524 1007 558 aut
1036 513 1152 559 illius
1176 515 1366 562 hominis
1389 528 1452 563 est

78 582 321 644 periculum
338 618 349 636 ,
369 581 442 626 sed
466 580 730 644 populorum
761 591 918 642 strages
940 586 1113 642 jacent,v
1131 584 1452 633 detrahendum

78 662 144 697 est·
164 652 334 715 aliquid
353 652 567 698 severitati
587 689 596 708 ‚
617 663 666 697 ut
679 653 916 711 majoribus
941 654 1065 699 malis
1077 656 1285 702 sanandis
1302 658 1454 704 chari-

79 733 143 768 tas
163 724 330 769 sincera
348 723 593 769 subveniat.
759 755 762 760 -
938 770 952 782 ⁴
1121 747 1123 754 Α
1240 737 1261 756 ²<

155 793 312 839 XLVI.
344 792 546 839 Habeant
573 809 673 852 ergo
709 792 779 838 isti
807 792 861 838 de
881 794 1104 856 praeterito
1128 793 1369 843 detestabili
1395 815 1458 844 er-

80 879 202 918 rore,
235 863 348 908 sicut
377 864 530 908 Petrus
559 862 720 908 habuit
749 861 802 908 de
825 862 1027 909 mendaci
1054 865 1208 910 timore
1225 903 1236 922 ,
1262 884 1459 914 amarum

81 932 305 985 dolorem;
328 942 370 977 et
402 933 578 977 veniant
614 931 669 976 ad
704 931 942 977 Ecclesiam
975 933 1141 980 Christi
1174 952 1344 993 veram,
1373 938 1460 983 hoc

80 1013 142 1049 est
161 1013 340 1048 matrem
362 1001 636 1048 Catholicam
659 1019 669 1046 :
692 1002 778 1047 sint
799 1003 844 1047 in
862 1002 937 1047 illa
955 1003 1232 1061 clerici‚·sint
1259 1008 1457 1071 episcopi

82 1072 244 1118 utiliter
263 1109 273 1128 ‚
296 1072 374 1136 qui
399 1083 551 1117 contra
574 1072 695 1118 illam
715 1072 894 1117 fuerunt
910 1073 1141 1120 hostiliter.
1172 1076 1269 1121 Non
1292 1078 1459 1124 invide-

82 1160 178 1188 mus
197 1180 208 1199 ,
230 1143 320 1188 imo
345 1142 650 1206 amplectimur
667 1180 677 1199 ,
703 1153 923 1206 optamus,
945 1144 1198 1204 hortamur,
1223 1159 1265 1192 et
1289 1165 1396 1211 quos
1415 1149 1462 1194 in

86 1214 166 1259 viis
189 1224 229 1258 et
255 1213 431 1276 sepibus
454 1213 720 1268 invenimus,
744 1214 908 1259 intrare
932 1216 1126 1275 cogimus
1144 1236 1155 1270 ς
1176 1218 1253 1263 etsi
1268 1218 1465 1264 nondum

82 1284 350 1347 quibusdam
375 1284 688 1346 persuademus
709 1284 812 1347 quia
834 1301 922 1329 non
941 1303 1006 1331 res
1029 1303 1177 1332 eorum
1204 1309 1215 1342 ;
1250 1291 1324 1334 sed
1350 1290 1466 1353 ipsos

84 1358 336 1421 quaerimus,
366 1357 604 1420 Apostolus
614 1358 771 1403 Petrus
785 1358 962 1421 quando
980 1359 1252 1406 Salvatorem
1273 1364 1464 1423 negavit,

85 1440 129 1474 et
152 1428 298 1483 flevit,
330 1439 372 1473 et
400 1428 635 1491 Apostolus
659 1429 815 1473 mansit
843 1446 855 1474 z
886 1429 1081 1475 nondum
1109 1444 1335 1495 acceperat
1361 1450 1463 1496 pro-

87 1499 264 1544 missum·
296 1498 511 1561 Spiritum
548 1509 762 1545 sanctum.
805 1499 891 1544 Sed
914 1500 1053 1545 multo
1088 1501 1224 1561 magis
1261 1502 1332 1548 isti
1367 1520 1467 1549 eum

86 1578 175 1615 non
211 1579 497 1632 acceperunt,
543 1569 618 1614 ubi
654 1586 677 1614 a
703 1570 899 1632 corporis
923 1586 1134 1633 compage
1165 1571 1318 1628 divisi,
1345 1572 1467 1637 quod

85 1640 223 1686 solum
245 1656 407 1702 corpus
430 1640 626 1684 vivificat
649 1640 841 1702 Spiritus
862 1650 1053 1697 sanctus,
1084 1651 1203 1686 extra
1230 1643 1470 1688 Ecclesiam

88 1721 130 1756 et
154 1720 306 1756 contra
347 1709 582 1754 Ecclesiam
616 1710 821 1755 Ecclesiae
844 1722 1113 1756 sacramenta
1147 1722 1407 1768 tenuerunt,
1435 1723 1477 1758 et

89 1792 298 1844 tanquam
328 1781 444 1826 civili
469 1780 585 1825 bello
614 1783 768 1825 nostris
790 1793 941 1826 contra
967 1799 1046 1827 nos
1073 1783 1224 1827 erectis
1242 1784 1381 1843 ¹signis
1405 1802 1471 1829 ar-

89 1854 261 1914 niis-que
292 1862 614 1914 pugnaverunt.
643 1851 859 1904 Veniant,
895 1852 970 1896 fiat
995 1870 1074 1914 pax
1101 1853 1142 1897 in
1169 1853 1328 1898 virtute
1351 1855 1477 1899 Jeru-

91 1922 244 1976 salem,
272 1938 372 1984 quae
397 1922 532 1966 virtus
559 1921 750 1966 charitas
780 1932 855 1968 est.
892 1922 976 1966 Cui
1001 1933 1162 1968 sanctae
1190 1923 1476 1970 civitati'dic-

92 2003 184 2038 tum
221 2002 311 2047 est,
349 1993 486 2037 «Fiat
520 2009 602 2055 pax
636 1993 681 2036 in
713 1992 875 2038 virtute
910 2003 1007 2047 tua,
1047 2003 1088 2037 et
1129 1993 1397 2040 abundantia
1431 1995 1474 2040 in

95 2063 328 2109 »turribus
350 2063 478 2110 iuisss.
508 2085 527 2104 ›>
554 2064 651 2108 Yon
689 2079 731 2108 se
759 2063 965 2108 extollant
992 2063 1195 2109 adversus
1233 2077 1475 2111 maternam

94 2133 458 2187 sollicitudinem7
489 2150 619 2196 quam
647 2149 729 2196 pro
762 2132 894 2196 ipsis,
921 2143 963 2177 ct
988 2151 1069 2195 pro
1108 2135 1234 2179 tantis
1273 2136 1475 2198 populis,

95 2221 205 2268 quos
230 2203 459 2266 decipiunt
488 2203 552 2249 vel
575 2204 885 2267 decipiebant,
918 2204 1179 2263 colligendis
1204 2215 1245 2249 et
1265 2205 1424 2251 habuit
1442 2217 1482 2251 et

95 2275 260 2320 habet:
294 2291 380 2318 non
406 2274 687 2337 superbiant,
711 2274 812 2336 quia
831 2275 890 2318 sic
914 2290 986 2317 cos
1015 2274 1199 2337 suscipit
1225 2292 1234 2319 ς
1263 2292 1349 2320 non
1373 2275 1486 2321 refe-

96 2356 194 2391 rant
222 2343 273 2389 ad
299 2343 494 2389 clationis
517 2361 606 2389 suffe
632 2344 793 2390 malum
821 2343 940 2407 quod
961 2343 1067 2390 facit
1086 2346 1178 2408 ipsa
1198 2357 1382 2409 propter
1403 2365 1479 2410 pa-

98 2416 159 2462 cis
180 2416 364 2460 bonum.

132 2486 344 2533 rxtvtl.
397 2485 471 2532 Sic
499 2486 862 2534 multitudinibus
898 2502 976 2549 per
1016 2486 1253 2534 schismata
1296 2486 1488 2534 haereses

149 2571 157 2593 ¹
176 2567 259 2603 Psal.
273 2580 361 2605 exn,
386 2581 415 2607 7.
