1799 3251
604 281 812 311 EPISTULA
849 281 983 312 CLxlt.
1389 283 1480 330 999

110 347 341 392 arbitrium
374 345 577 409 patimur.
621 346 718 390 Non
744 344 881 390 solum
928 346 1025 391 haec
1066 357 1258 401 movent,
1299 362 1398 410 quae
1434 347 1481 393 in

110 418 255 463 animo
300 416 353 461 de
395 416 489 479 ipso
529 417 671 461 animo
719 415 811 460 fieri
853 431 940 460 non
981 416 1165 462 absurde
1204 418 1302 480 quis
1336 427 1480 480 putat,

106 487 330 550 (quamvis
355 496 396 531 et
420 485 506 531 hoc
551 486 690 532 causis
725 485 1055 542 occultioribus,
1086 487 1246 550 quibus
1272 488 1412 547 agitur
1435 497 1484 532 ut

103 557 220 604 istud
244 557 390 620 potius
414 573 543 620 quam
583 556 692 602 illud
724 557 768 602 in
801 568 1080 620 conspectum
1112 558 1243 603 animi
1267 559 1411 603 veniat
1431 575 1442 603 :
1466 558 1481 620 )

104 627 176 674 sed
195 627 322 673 etiam
342 627 462 691 quod
494 627 558 685 ,ait
582 627 832 690 Propheta:
869 649 888 668 «
909 629 963 673 Et
989 627 1134 673 dixit»
1159 628 1269 674 mihi
1298 628 1484 688 Angelus

103 697 180 762 qui
204 697 533 760 loquebaturin
553 715 620 743 me
636 696 668 744 ¹.
702 719 721 738 ›>
759 698 911 760 Neque
948 698 1061 743 enim
1103 697 1338 743 forinsecus
1361 715 1485 744 voces

106 767 163 813 ad
191 784 311 813 aures
348 784 578 831 corporeas
608 767 847 830 Prophetae
882 767 1046 813 venisse
1086 767 1354 814 credendum
1403 778 1482 823 est,

106 854 207 883 cum
225 837 334 883 dicit
364 855 374 882 :
396 859 416 879 α
435 838 526 895 Qui
543 838 863 901 loquebaturin
886 855 968 893 me,
990 855 1123 893 »nom
1149 838 1201 883 ad
1223 856 1317 884 me:
1336 849 1483 884 utrum

105 924 231 954 voces
249 918 368 953 erant
392 907 446 954 de
464 908 619 971 spiritu
638 907 784 963 factae,
813 908 1116 971 corporalibus
1134 907 1307 964 similes,
1329 908 1476 972 quales

107 977 272 1038 agimus
295 994 396 1023 cum
416 978 534 1041 apud
564 994 642 1023 nos
676 978 799 1023 taciti
826 978 963 1024 multa
989 979 1252 1035 memoriter,
1281 978 1481 1042 plerum-

106 1063 191 1110 que
214 1047 340 1093 etiam
376 1046 594 1093 cantando
620 1048 971 1104 transcurrimus,
1000 1048 1071 1094 sed
1107 1059 1248 1094 tamen
1281 1048 1410 1094 editae
1427 1048 1484 1094 ab

108 1117 272 1178 Angelo
296 1117 380 1163 sibi
400 1129 666 1178 suggerente.
696 1120 750 1164 Et
777 1119 894 1181 quod
921 1119 967 1164 in
994 1119 1227 1179 Evangelio
1265 1120 1478 1183 scriptum

106 1198 168 1232 est
199 1206 209 1233 ε
258 1210 278 1229 «
307 1190 419 1234 Ecce
442 1188 629 1248 Angelus
654 1190 734 1234 Dei
760 1189 965 1252 apparuit.
1010 1189 1072 1234 illi
1113 1190 1156 1235 in
1186 1191 1344 1235 somnis
1365 1227 1376 1246 ,
1404 1189 1474 1234 di-

113 1279 133 1298 »
153 1274 252 1303 cens
267 1258 299 1305 2.
318 1280 337 1300 »
364 1258 602 1314 Quomodo
626 1264 741 1304 enlm
761 1260 1030 1322 apparuerit,
1057 1259 1122 1305 vel
1149 1277 1309 1323 corpus
1335 1259 1485 1319 Angeli

107 1345 208 1374 cum
232 1329 367 1374 oculis
393 1329 548 1375 clausis
569 1347 579 1374 ε
615 1330 827 1392 (Abrahae
856 1330 1024 1393 quippe
1048 1330 1242 1390 vigilanti
1266 1331 1325 1375 sic
1342 1347 1485 1393 appa-

106 1409 287 1444 ruerunt
305 1399 340 1456 3,
359 1409 407 1444 ut
426 1416 495 1445 eos
513 1399 662 1455 etiam,
683 1416 783 1445 cum
799 1399 929 1463 pedes
946 1400 1054 1445 lavit
1070 1401 1144 1456 eis,
1173 1399 1485 1446 contrectando

107 1469 308 1533 sentiret)
335 1488 346 1515 ε
374 1470 438 1516 vel
465 1471 642 1534 spiritus
680 1470 853 1534 spiritui
881 1470 1134 1516 dormientis
1157 1472 1201 1517 in
1235 1471 1376 1534 specie
1400 1470 1483 1516 ali-

107 1557 191 1604 qua
227 1541 357 1587 simili
391 1542 583 1606 corpori,
609 1542 721 1588 sicut
746 1559 823 1587 nos
854 1542 937 1605 ipsi
962 1542 1090 1587 nohis
1114 1542 1313 1588 videmur
1337 1541 1411 1587 tali
1433 1542 1483 1587 fi-

107 1628 212 1672 gura
248 1613 374 1658 etiam
417 1630 494 1676 per
529 1612 624 1659 loca
660 1613 823 1660 moveri
861 1614 1154 1670 somniantes,
1199 1613 1325 1674 longe
1362 1612 1485 1658 aliter

107 1699 239 1746 quarn
261 1684 456 1730 membra
478 1684 523 1729 id
536 1684 873 1744 stratisjacentia
892 1695 1131 1731 moventur.

172 1750 246 1798 VI.
266 1754 373 1799 Haec
395 1754 493 1799 ideo
518 1753 626 1800 mira
639 1765 751 1810 sunt,
768 1755 870 1818 quia
883 1754 1165 1800 occultiorem
1181 1753 1485 1800 habentratio-

107 1840 225 1879 nem,
250 1840 382 1887 quam
398 1835 445 1869 ut
468 1824 606 1870 videri
634 1825 702 1870 vel
725 1824 848 1870 reddi
882 1825 936 1869 ab
959 1825 1136 1871 homine
1148 1825 1319 1870 homini
1332 1824 1481 1888 possit.

109 1894 220 1940 Nam
245 1894 338 1940 istae
361 1912 504 1941 causae
527 1906 630 1941 sunt
647 1895 964 1950 admirationis,
992 1912 1092 1940 cum
1118 1895 1184 1941 vel
1201 1897 1309 1941 ratio
1332 1899 1483 1955 cujus-

107 1981 192 2029 que
207 1966 268 2010 rei
287 1965 408 2021 latet,
431 1965 499 2011 vel
520 1965 668 2011 eadem
690 1983 754 2011 res
768 1965 922 2010 usitata
948 1981 1035 2010 non
1058 1975 1136 2019 est,
1160 1965 1280 2028 quod
1299 1975 1373 2010 aut
1391 1964 1484 2009 sin-

109 2034 267 2095 gularis
293 2046 368 2081 aut
388 2053 483 2081 rara
515 2046 590 2083 est.
618 2038 679 2082 Ex
709 2035 783 2082 illa
810 2052 909 2095 ergo
930 2052 1057 2080 causa
1090 2034 1264 2081 latentis
1302 2035 1485 2081 rationis

109 2123 186 2167 ego
200 2105 287 2151 dixi
309 2107 354 2152 in
377 2106 556 2170 epistola
572 2106 612 2163 4,
637 2124 768 2170 quam
791 2117 830 2151 te
860 2106 1006 2166 legisse
1024 2123 1353 2161 commemoras,
1383 2122 1485 2151 cum

109 2176 166 2221 eis
182 2176 498 2239 responderem,
515 2178 591 2240 qui
604 2188 760 2237 negant
783 2194 868 2222 esse
895 2176 1176 2232 credendum,
1191 2176 1310 2240 quod
1327 2176 1484 2222 Chris*

109 2256 202 2291 tum
223 2247 344 2306 virgo
364 2247 597 2309 pepererit,
624 2249 745 2307 virgo
765 2249 1050 2311 permanserit
1072 2265 1082 2291 :
1107 2268 1125 2288 α
1153 2247 1199 2292 Si
1223 2248 1331 2292 ratio
1355 2263 1482 2309 quae-

110 2336 129 2357 »
152 2315 280 2371 ritur,
318 2333 406 2361 non
435 2317 515 2362 erit
547 2317 761 2364 mirabile.
792 2339 813 2359 ))
840 2318 937 2362 Hoc
967 2316 1078 2362 enim
1109 2316 1275 2363 dictum
1296 2327 1374 2372 est,
1398 2333 1486 2361 non

110 2385 229 2449 quod
251 2386 414 2431 ratione
438 2404 501 2432 res
531 2398 690 2444 careat,
714 2388 786 2434 sed
810 2387 928 2451 quod
952 2404 1021 2432 eos
1038 2387 1185 2444 lateat,
1209 2388 1371 2451 quibus
1398 2387 1486 2433 hoc

112 2458 226 2514 Deus
241 2456 379 2503 voluit
394 2474 478 2502 esse
497 2457 707 2505 mirabile.
735 2460 795 2504 Ex
819 2458 901 2504 alia
917 2475 1015 2504 vero
1031 2457 1327 2504 admirationis
1341 2474 1485 2514 causa,

156 2558 169 2580 ¹
191 2557 290 2589 Zaeh.
313 2571 340 2593 1,
362 2571 393 2600 9.
414 2572 459 2583 ·—
477 2558 491 2581 ²
512 2560 616 2591 Mattti
653 2567 681 2599 r,
704 2567 758 2595 20,
789 2580 829 2586 -
849 2559 862 2582 3
884 2562 967 2593 Gen.
997 2570 1101 2602 xxm,
1131 2567 1162 2597 4.
1182 2576 1224 2586 ὴ-
1242 2559 1255 2583 ⁴
1283 2562 1381 2604 Epist.
1408 2563 1484 2599 135.

112 2613 152 2644 ad
172 2614 394 2647 Volusianum.
