1799 3251
550 272 761 304 Ems'rotA
795 270 1025 308 cmxxvn.
1383 260 1480 314 535

107 338 316 403 sapientia
355 347 397 385 et
420 339 647 385 sanctitate
670 341 1002 402 praestantibus,
1044 342 1135 389 ullo
1170 343 1300 391 modo
1340 351 1484 410 potest

107 418 193 455 esse
213 410 469 456 communis.
494 410 581 455 Ubi
597 410 758 456 divinae
787 412 938 470 gratiae
956 413 1055 458 satis
1081 415 1363 476 perspicuum
1390 417 1486 464 clas

105 487 291 547 sumque
310 477 622 526 documentum
646 489 720 525 est.
746 480 856 537 Quis
896 482 1010 527 enim
1035 491 1123 528 tam
1147 483 1202 529 sit
1232 485 1480 546 sacrilegus,

103 558 152 617 ut
178 548 333 596 audeat
363 549 574 619 affirmare
595 547 785 613 aliquam
816 564 936 613 posse
968 553 1159 598 animam
1176 565 1255 616 per
1272 556 1475 603 meritum

102 610 228 665 liberi
250 620 437 676 arbitrii,
471 631 516 666 ut
556 620 662 666 alter
694 620 748 666 sit
768 621 968 667 Christus
993 623 1190 669 efficere?
1222 624 1279 670 Ut
1305 633 1404 686 ergo
1424 628 1479 674 ad

101 684 330 753 §ersonam
346 686 478 736 Verbi
506 690 717 750 ‘unigeniti
741 692 991 753 pertinere&
1013 701 1102 754 quo
1126 702 1256 755 pacto
1276 708 1353 757 per
1374 696 1482 743 libe-a

99 777 197 806 rum
224 761 453 806 arbitrium
472 761 762 806 communiter
781 762 986 807 omnibus
999 773 1039 807 et
1058 763 1313 809 naturaliter
1329 765 1482 813 datum·

101 848 187 876 una
211 831 299 877 sola
314 833 456 877 anima
477 833 715 885 meruisset,
745 833 826 878 nisi
848 833 934 878 hoc
957 832 1185 893 singularis
1210 835 1344 893 gratia
1358 853 1482 898 prae-

98 905 300 958 stitisset3
333 921 464 968 quam
490 904 553 950 fas
573 915 635 950 est
657 905 901 968 praedicare
918 943 929 962 ,
961 905 1014 952 de
1045 923 1130 970 qua
1157 907 1273 953 nefas
1289 918 1350 954 est
1367 909 1477 955 velle

91 969 291 1028 judicare
308 972 326 1015 Ξ)

167 1041 284 1087 XLI.
313 1040 421 1085 Haec
460 1040 494 1085 si
516 1056 597 1103 pro
618 1040 785 1086 viribus
807 1041 962 1086 nostris
978 1077 989 1096 ‚
1016 1052 1227 1103 quantum
1261 1043 1473 1090 Dominus

97 1109 290 1169 adjuvit,
319 1110 398 1155 rite
430 1111 736 1164 tractavimus3
775 1110 953 1174 quando
989 1111 1130 1156 Deum
1156 1113 1321 1175 ubique
1353 1130 1474 1176 prae-

96 1191 253 1225 sentem
270 1218 279 1235 ‚
298 1191 339 1225 et
362 1198 448 1225 non
470 1181 618 1243 spatiis
642 1180 906 1226 distantibus
923 1218 933 1235 ‚
960 1181 1082 1243 quasi
1107 1181 1251 1246 aliqua
1277 1183 1388 1228 mole
1404 1182 1473 1230 vel

95 1250 354 1296 distensione
372 1250 576 1296 diffusum
590 1288 601 1306 ,
625 1251 696 1296 sed
722 1251 885 1315 ubique
905 1262 1045 1296 totum
1065 1252 1253 1311 cogitare
1267 1263 1305 1298 te
1326 1263 1473 1299 exten-

95 1321 161 1366 dis
179 1359 189 1377 ,
222 1332 364 1366 averte
395 1332 582 1367 mentem
612 1322 666 1367 ab
693 1322 898 1367 omnibus
921 1322 1184 1381 imaginibus
1204 1339 1467 1385 corporum,

93 1408 200 1454 quas
225 1392 421 1437 humana
440 1392 646 1451 cogitatio
681 1392 853 1438 volvere
876 1393 1115 1438 consuevit.
1151 1393 1248 1438 Non
1268 1393 1384 1437 enim
1407 1393 1469 1438 sic

92 1463 301 1525 sapientia
322 1499 332 1517 ‚
357 1479 445 1507 non
464 1462 657 1521 justitia,
683 1479 771 1507 non
792 1462 853 1507 sic
874 1462 1061 1524 denique
1083 1462 1272 1507 charitas
1297 1463 1467 1522 cogita-

91 1543 178 1589 tur,
218 1533 271 1578 de
311 1550 397 1595 qua
427 1533 639 1595 scriptum
671 1544 731 1578 est
756 1551 766 1577 :
796 1536 910 1578 Deus
943 1533 1146 1578 Charitas
1172 1532 1279 1579 est‘l.
1306 1554 1326 1573 >2
1354 1536 1465 1578 Cum

89 1620 189 1648 vero
212 1603 530 1648 habitationem
550 1606 639 1661 ers
669 1603 853 1662 cogitas,
875 1603 1085 1647 unitatem
1107 1602 1248 1661 cogita
1273 1618 1459 1661 congre-

88 1674 391 1737 gationemque
418 1674 675 1719 Sanctorum
697 1711 707 1728 ‚
736 1673 917 1718 maxime
952 1673 996 1718 in
1024 1672 1146 1717 coelis
1169 1690 1178 1716 ε
1208 1673 1284 1718 ubi
1318 1689 1461 1736 prop-

90 1754 200 1789 terea
226 1745 448 1806 praecipue
475 1743 639 1788 dicitur
670 1743 871 1788 habitare
890 1779 901 1798 ,
943 1743 1045 1805 quia
1072 1742 1133 1787 ibi
1175 1743 1224 1787 fit
1258 1742 1459 1788 voluntas

86 1819 177 1875 ejus
209 1813 398 1877 perfecta
436 1831 610 1869 eorum,
647 1814 690 1859 in
728 1814 888 1876 quibus
927 1813 1099 1858 habitat
1121 1850 1130 1865 ,
1173 1813 1421 1859 obedientia
1444 1831 1455 1858 :

86 1884 242 1930 deinde
260 1885 304 1929 in
330 1895 442 1929 terra
459 1921 469 1939 ‚
495 1885 571 1929 ubi
593 1883 816 1929 aedificans
840 1883 1016 1928 habitat
1034 1882 1217 1928 domum
1236 1899 1355 1928 suam
1373 1920 1385 1939 ‚
1412 1883 1459 1930 in

85 1957 170 2001 fine
187 1955 335 2001 saeculi
350 1955 652 2002 dedicandam.
687 1955 914 2000 Christum
933 1964 1077 1999 autem
1097 1954 1333 1999 Dominum
1356 1970 1463 1999 nos·-

84 2037 198 2073 trum
221 2027 493 2086 unigenitum
515 2027 593 2072 Dei
626 2026 783 2072 Filium
810 2025 1026 2088 aequalem
1055 2025 1206 2080 Patri,
1231 2024 1460 2070 eumdem-

83 2114 168 2160 que
190 2097 380 2142 hominis
405 2097 566 2153 filium,
591 2114 679 2160 quo
706 2100 843 2156 major
869 2107 930 2141 est
953 2097 1098 2150 Pater,
1129 2106 1170 2140 et
1202 2095 1366 2158 ubique
1389 2105 1463 2141 to-

82 2178 175 2213 tum
195 2178 451 2230 praesentem
482 2184 566 2212 esse
590 2184 679 2211 non
698 2167 871 2211 dubites
898 2176 1107 2227 tanquam
1142 2165 1306 2219 Deum,
1338 2175 1379 2209 et
1411 2165 1458 2210 in

80 2238 232 2284 eodem
255 2238 417 2300 templo
443 2238 519 2283 Dei
543 2255 628 2283 esse
647 2248 853 2301 tanquam
877 2236 1197 2281 inhabitantem
1221 2236 1359 2280 Deum
1376 2271 1388 2291 ‚
1412 2244 1455 2281 et

79 2309 125 2354 in
156 2308 252 2353 loco
285 2308 429 2370 aliquo
457 2309 560 2354 coeli
582 2319 766 2372 propter
796 2307 884 2354 veri
909 2305 1104 2368 corporis
1143 2304 1338 2351 modum.
1367 2304 1454 2350 Sed

80 2395 180 2424 eum
201 2396 268 2423 me
287 2378 472 2424 delectat
494 2378 614 2442 loqui
639 2390 782 2423 tecum
800 2415 810 2433 ,
839 2376 983 2422 nescio
1017 2386 1165 2420 utrum
1200 2376 1456 2420 servaverim

76 2449 284 2494 sermonis
304 2448 552 2494 sufficientis
575 2448 752 2494 modum
774 2485 784 2501 ,
814 2446 936 2510 quasi
957 2445 1214 2491 diuturnum
1235 2444 1454 2489 silentium

76 2518 339 2581 loquacitate
354 2536 645 2582 compensem.
671 2519 830 2565 Verum
847 2516 948 2580 quia
967 2516 1172 2576 religione
1199 2524 1241 2560 et
1260 2514 1451 2560 benevo-

125 2600 137 2622 1
161 2611 175 2630 1
191 2601 284 2632 Joau.
300 2611 347 2644 lv,
374 2603 405 2634 8.
