1799 3251
360 260 445 305 165
754 273 786 302 s.
833 271 1074 302 Atersrml
1108 271 1310 303 Emscom

350 338 409 383 tio
432 337 679 397 diligentior
699 347 864 383 tantam
885 337 1078 399 corporis
1094 336 1290 383 futuram
1325 338 1628 393 mutationem,
1662 346 1711 387 ut

349 409 483 471 possit
498 408 640 453 videre
652 407 903 461 invisibilia,
918 425 1023 464 non,
1041 419 1088 454 ut
1101 409 1271 471 opinor,
1287 409 1383 455 talis
1398 408 1592 472 potentia
1613 425 1713 454 cor-

345 478 461 541 poris
492 477 624 520 menti
663 475 823 520 auferet
858 476 1081 532 visionem,
1121 490 1169 523 ut
1198 478 1375 524 exterior
1402 479 1536 524 h'omo
1569 476 1715 524 videre

346 548 483 592 Deum
499 557 599 591 tunc
613 546 758 608 possit,
774 564 859 590 non
872 548 1210 609 possitinteri0r3
1227 548 1353 610 quasi·
1369 558 1534 593 tantum
1549 546 1652 592 foris
1669 547 1723 593 sit

341 619 456 662 Deus
480 616 533 662 ad
558 615 798 670 hominem,
821 627 861 662 et
878 618 994 662 intus
1015 635 1101 663 non
1117 619 1232 663 sitin
1254 618 1457 674 homine,
1485 635 1585 663 cum
1606 635 1726 681 aper-

341 686 498 732 tissime
517 685 737 748 scriptum
763 686 817 731 sit
840 705 849 731 :
870 708 888 727 «
907 688 964 732 [t
988 688 1037 733 sit
1061 688 1176 732 Deus
1200 689 1345 734 omnia
1370 690 1413 733 in
1434 688 1688 744 omnihus23
1706 708 1726 728 ›>

343 766 416 801 aut
433 755 493 801 ita
515 756 569 801 sit
586 756 704 801 intus
724 755 811 810 ille,
843 757 920 820 qui
945 757 1034 802 sine
1055 757 1153 802 ullis
1178 758 1374 803 locorum
1396 757 1545 821 spatiis
1564 756 1725 820 ubique

347 836 462 871 totus
485 835 562 881 est,
587 837 635 871 ut
656 825 757 871 foris
780 836 948 872 tantum
964 827 1100 873 videri
1127 828 1181 873 ab
1200 828 1396 873 exteriori
1416 827 1594 873 homine
1619 843 1726 889 pos-

347 897 417 949 sit,
446 897 562 941 intus
590 907 732 941 autem
755 896 811 941 ab
836 897 1030 944 interiori
1068 915 1155 943 non
1179 898 1328 961 possit.
1374 898 1486 954 Quae
1510 897 1543 942 si
1571 896 1729 942 absur-

352 967 546 1012 disssime
572 967 832 1023 sentiuntur,
861 968 994 1028 magis
1029 969 1140 1014 enin]
1162 970 1297 1015 sancti
1324 968 1443 1032 pleni
1465 978 1591 1013 erunt
1608 969 1724 1022 Deo,

345 1055 432 1084 non
445 1037 857 1089 inanesintrinsecus
869 1038 1009 1084 abillo
1024 1038 1420 1084 circumdabuntur
1437 1037 1696 1084 extrinsecus
1712 1058 1724 1091 ;

348 1125 427 1153 nec
447 1108 552 1153 caeci
569 1108 825 1153 intrinsecus
848 1125 946 1153 eum
967 1126 1054 1172 quo
1079 1109 1198 1171 pleni
1217 1119 1360 1162 erunt,
1383 1125 1470 1153 non
1493 1106 1722 1163 videbunt,

342 1189 383 1224 et
404 1189 573 1224 tantum
590 1178 829 1224 forinsecus
850 1179 1010 1224 oculati
1039 1196 1156 1234 eum,
1190 1196 1277 1242 quo
1304 1177 1720 1233 circumdabuntur,

347 1249 557 1295 videbunt
587 1266 596 1292 ε
626 1259 752 1294 restat
770 1260 818 1295 ut
839 1249 1013 1295 interim
1032 1249 1084 1294 de
1105 1249 1267 1294 visione
1284 1249 1362 1294 Dei
1387 1246 1628 1294 secundum
1651 1247 1726 1293 in-

349 1320 547 1365 teriorem
581 1319 801 1365 hominem
818 1320 1045 1365 certissimi
1064 1319 1210 1365 simus.
1236 1319 1281 1365 Si
1303 1329 1446 1364 autem
1470 1318 1602 1363 etiam
1622 1333 1725 1363 cor-

350 1407 434 1452 pus
450 1391 555 1435 mira
579 1390 917 1435 commutatione
938 1390 1024 1435 hoc
1047 1389 1248 1443 valuerit,
1279 1388 1399 1434 aliud
1420 1386 1610 1441 accedet,
1638 1403 1725 1432 non

348 1459 455 1505 illud
481 1459 702 1505 abscedet.

416 1530 581 1575 xviii.
610 1529 762 1575 Melius
781 1547 881 1590 ergo
899 1530 1009 1576 illud
1030 1529 1293 1575 affirmamus
1312 1528 1426 1574 unde
1444 1527 1622 1574 minime
1646 1526 1726 1572 du*

349 1600 555 1653 bitenius,
581 1600 699 1662 quod
724 1601 857 1646 homo
881 1601 1060 1646 interior
1091 1599 1260 1645 videbit
1282 1601 1420 1644 Deum
1439 1635 1449 1653 ‚
1484 1597 1560 1660 qui
1595 1595 1725 1642 modo

349 1671 464 1717 solus
482 1680 621 1732 potest
644 1671 790 1716 videre
811 1672 1088 1725 charitatem,
1112 1686 1213 1732 quae
1238 1686 1339 1714 cum
1366 1667 1617 1714 laudaretur
1636 1666 1727 1712 dic-

352 1751 443 1785 tum
468 1751 528 1786 est
550 1760 560 1781 ·.
586 1763 604 1780 α
635 1742 747 1786 Deus
766 1741 956 1787 charitas
973 1752 1034 1786 est
1050 1741 1067 1769 ‘1
1090 1758 1100 1785 ε
1122 1762 1141 1781 »
1175 1739 1288 1785 solus
1312 1749 1453 1803 potest
1478 1737 1623 1784 videre
1639 1754 1725 1800 pa-

352 1829 445 1857 cem
487 1822 528 1855 et
558 1812 968 1868 sanctificationem,
995 1813 1085 1859 sine
1126 1828 1212 1874 qua
1253 1827 1379 1856 nemo
1405 1818 1546 1873 potest
1583 1807 1726 1855 videre

355 1882 513 1927 Deum.
561 1883 711 1944 Neque
746 1883 860 1927 enim
889 1883 1166 1936 charitatem,
1209 1897 1382 1943 pacem,
1413 1877 1725 1926 sanctificatio-

354 1969 468 2006 nem,
489 1962 528 1996 et
545 1952 577 1996 si
598 1969 686 2015 qua
709 1963 812 1996 sunt
833 1952 1005 2007 similia,
1031 1950 1293 1997 videtmodo
1319 1949 1431 1994 ullus
1451 1948 1602 1994 oculus
1627 1964 1726 1996 car-

352 2021 415 2065 nis
436 2042 445 2070 2
476 2037 574 2083 quae
590 2032 731 2066 tamen
753 2022 998 2083 omniajam
1013 2021 1148 2075 videt,
1165 2031 1379 2083 quantum
1392 2028 1553 2081 potest,
1574 2017 1727 2063 mentis

351 2090 520 2141 oculus,
544 2101 663 2136 tanto
687 2092 839 2154 purius
857 2103 1021 2154 quanto
1046 2091 1226 2154 purior:
1266 2100 1314 2135 ut
1329 2090 1418 2134 sine
1447 2087 1726 2136 dubitatione

354 2161 494 2206 Deum
515 2178 593 2206 nos
617 2161 781 2207 visuros
810 2179 895 2207 esse
919 2161 1176 2213 credamus3
1211 2160 1298 2205 sive
1320 2158 1609 2212 inveniamus,
1639 2157 1726 2203 sive

349 2250 434 2278 non
451 2232 734 2280 inveniamus.
761 2233 877 2295 quod
899 2232 952 2278 de
964 2232 1170 2296 qualitate
1186 2231 1324 2277 futuri
1343 2229 1541 2292 corporis
1564 2228 1723 2292 quaeri·

353 2319 463 2358 mus,
474 2319 574 2348 cum
591 2314 731 2348 tamen
744 2320 903 2366 corpus
916 2314 1257 2352 resurrecturum
1269 2311 1310 2346 et
1327 2298 1570 2346 immortale
1597 2308 1725 2364 atque

354 2373 688 2435 incorruptibile
710 2375 904 2420 futurum
942 2391 1026 2420 non
1055 2374 1345 2433 ambigamus,
1375 2371 1579 2433 quoniam
1619 2368 1724 2419 hinc

350 2454 595 2489 sanctarum
614 2445 938 2507 Scripturarum
965 2444 1193 2490 sententias
1217 2441 1505 2505 apertissimas
1527 2438 1724 2488 firmissi-

352 2531 525 2578 masque
539 2515 711 2559 retinen]
721 2533 781 2561 us.
802 2516 847 2561 si
861 2535 879 2561 a
891 2534 912 2562 u
923 2527 1002 2561 tem
1014 2515 1089 2562 iste
1101 2515 1229 2561 frater
1238 2512 1355 2576 quod
1370 2511 1423 2557 de
1436 2509 1620 2574 spiritali
1631 2525 1724 2554 cor-

400 2598 407 2618 ¹
437 2609 443 2626 1
471 2598 1041 2637 (for,.xx.28,—'-'1Joa11.1v‚8.
