1799 3251
367 252 425 317 78
784 261 820 292 s.
863 257 1107 291 mensum
1141 256 1348 290 EPISCOPI

361 330 507 379 bolica
525 338 625 375 sunt
639 324 871 373 hominum
895 323 1026 370 corda
1042 360 1054 381 ,
1077 340 1178 388 quae
1203 322 1350 369 adhuc
1369 331 1501 369 tantae
1526 320 1732 370 manifes-

364 400 518 449 tationi
534 396 726 447 veritatis
752 394 984 442 obsistunt.

430 472 514 518 III.
541 471 653 516 Ecce
670 464 861 530 episcopi
880 465 1016 528 partis
1032 475 1184 511 vestrae
1203 480 1311 527 quos
1335 481 1481 511 omnes
1494 463 1729 525 elegerunt,

366 554 414 591 ut
431 559 512 607 pro
536 538 739 586 omnibus
767 536 1063 599 loquerentur,
1089 535 1236 580 conati
1259 545 1386 590 sunt,
1410 545 1624 598 quantum
1647 551 1734 599 po-

369 622 567 667 tuerunt,
604 619 652 655 ut
677 607 852 653 omnino
883 605 978 669 ipsa
1019 622 1146 651 causa
1187 622 1276 651 non
1305 616 1518 666 ageretur,
1552 616 1735 670 propter

365 700 495 748 quam
523 691 668 727 tantus
701 692 904 724 numerus
936 676 1245 739 episcoporum
1269 676 1492 739 utriusque
1517 677 1656 740 partis
1680 675 1735 722 de

366 755 563 801 universa
585 750 751 805 Africa,
777 746 891 793 etde
916 757 1004 792 tam
1029 746 1278 809 longinquis
1294 746 1400 792 locis
1424 747 1735 808 Carthaginem

366 832 553 872 venerat.
575 821 630 866 Et
647 835 748 865 cum
761 817 900 863 omnis
918 816 1059 862 anima
1078 833 1280 879 suspensa
1297 818 1597 879 expectaretin
1616 827 1737 862 tanta

366 893 617 942 collectione
642 888 750 954 quid
785 899 997 948 ageretur,
1038 887 1102 933 illi
1128 887 1402 933 vehementer
1441 888 1663 933 instabant
1687 897 1737 933 ut

365 965 477 1013 nihil
491 973 696 1024 ageretur.
728 960 873 1016 Quare
890 959 1004 1004 hoc?
1025 958 1105 1003 nisi
1125 957 1225 1020 quia
1239 974 1412 1003 causam
1433 974 1554 1004 suam
1576 957 1736 1003 malam

367 1036 582 1087 sciebant,
605 1042 647 1077 et
663 1029 866 1076 facillime
885 1047 926 1075 se
944 1045 1070 1093 posse
1087 1028 1203 1075 vinci
1216 1065 1227 1085 ,
1250 1028 1283 1073 si
1301 1039 1514 1088 ageretur,
1534 1028 1737 1075 dubitare

366 1124 454 1153 non
466 1113 683 1170 poterant.
713 1102 811 1164 Ipse
829 1117 929 1160 ergo
953 1100 1122 1146 animus
1144 1116 1294 1145 eorum
1311 1137 1322 1154 ‚
1339 1117 1425 1163 quo
1449 1100 1661 1146 timebant
1684 1116 1736 1145 ne

367 1194 493 1223 causa
518 1183 732 1235 ageretur,
750 1174 843 1231 jam
870 1171 1008 1216 victos
1031 1187 1102 1216 eos
1125 1187 1209 1216 esse
1244 1171 1527 1218 monstrabat.
1554 1170 1600 1217 Si
1622 1170 1736 1216 enim

368 1253 669 1310 extorquerent
690 1240 809 1306 quod
826 1241 1053 1299 volebant,
1074 1251 1122 1286 ut
1138 1244 1228 1301 jam
1249 1240 1422 1287 collatio
1441 1242 1535 1305 ipsa
1554 1258 1642 1287 non
1664 1242 1736 1287 fie-

367 1329 454 1374 ret,
489 1333 569 1363 nec
604 1310 977 1376 disputationibus
1012 1312 1168 1357 nostris
1201 1312 1356 1358 veritas
1391 1323 1643 1375 apparerem
1673 1328 1738 1357 re-

365 1387 542 1434 deuntes
560 1403 583 1431 a
604 1381 887 1441 Carthagine,
915 1380 1023 1444 quid
1039 1381 1163 1426 vobis
1185 1391 1306 1427 erant
1330 1382 1601 1444 responsuri,
1628 1380 1737 1445 quid

365 1453 731 1505 demonstraturi?
758 1450 900 1497 Credo
926 1451 1139 1515 prolaturi
1170 1462 1292 1497 erant
1317 1453 1467 1509 Gesta,
1501 1464 1542 1498 et
1574 1452 1737 1499 dicturi

363 1529 488 1576 vobis
513 1544 523 1571 :
555 1525 641 1571 Nos
667 1523 937 1569 instabamus
962 1532 1008 1568 ut
1025 1539 1151 1567 causa
1175 1539 1264 1567 non
1289 1534 1500 1582 ageretur,
1520 1523 1582 1568 illi
1606 1524 1738 1570 inSta-

365 1599 475 1645 bant
497 1607 547 1642 ut
579 1603 787 1654 ageretur.
822 1592 909 1638 Vos
931 1592 1161 1655 expectatis
1182 1592 1325 1638 videre
1356 1593 1465 1656 quid
1489 1593 1699 1653 egerimus
1722 1611 1733 1638 z

365 1684 465 1715 ecce
487 1665 614 1725 legite
638 1662 717 1708 ubi
739 1678 809 1707 eos
832 1662 1035 1714 vicimus,
1067 1673 1115 1708 ut
1143 1661 1253 1707 nihil
1278 1679 1509 1721 ageremus.
1541 1667 1668 1709 Forte
1695 1674 1738 1710 et

368 1754 442 1786 vos
459 1732 796 1799 responderetis,
822 1731 856 1777 si
875 1748 949 1777 cor
969 1732 1186 1777 haberetis
1209 1749 1219 1777 ε
1242 1732 1365 1777 Nihil
1382 1750 1481 1792 ergo
1499 1734 1637 1779 acturi
1656 1769 1666 1787 ‚
1689 1743 1740 1780 ut

367 1807 476 1872 quid
500 1806 620 1852 istis?
649 1802 717 1848 vel
740 1802 886 1864 potius
912 1802 989 1865 qui
1013 1803 1125 1848 nihil
1153 1802 1317 1862 egistis,
1340 1814 1389 1848 ut
1407 1803 1514 1867 quid
1538 1803 1736 1850 redistis?

430 1876 505 1923 IV.
536 1873 732 1935 Denique
755 1882 1038 1934 posteaquam
1059 1889 1147 1918 non
1170 1883 1409 1935 potuerunt
1433 1873 1596 1920 efficere
1617 1873 1738 1937 quod

366 1946 509 1994 conati
530 1953 656 1999 sunt,
683 1941 728 1987 id
749 1952 834 1997 est,
856 1952 905 1987 ut
919 1958 1047 1987 causa
1068 1960 1153 1988 non
1173 1955 1386 2003 ageretur3
1411 1943 1503 2006 ipsa
1528 1944 1640 1990 actio
1659 1943 1738 1990 de-

363 2014 619 2062 monstravit
635 2011 741 2075 quid
761 2011 1000 2067 timuerint,
1018 2012 1196 2075 quando
1213 2014 1256 2058 in
1274 2014 1478 2059 omnibus
1493 2014 1598 2061 victi
1616 2025 1730 2061 sunt.

367 2084 558 2132 Confessi
594 2093 694 2128 sunt
725 2082 838 2127 enim
874 2093 1023 2128 contra
1054 2083 1290 2129 Ecclesiam
1316 2084 1606 2141 catholicam,
1637 2101 1738 2149 quae

358 2168 456 2210 stoto
481 2166 690 2200 terrarum
714 2152 819 2197 orbe
845 2151 1124 2208 diffunditur,
1149 2153 1262 2198 nihil
1282 2170 1323 2198 se
1342 2153 1505 2199 habere
1523 2154 1643 2218 quod
1665 2154 1738 2200 di-

366 2235 533 2278 cerent3
560 2223 663 2287 quia
690 2221 847 2268 divinis
865 2233 1110 2279 sanctarum
1138 2224 1467 2285 Scripturarum
1487 2224 1737 2270 testimoniis

368 2293 561 2360 oppressi
594 2302 712 2345 sunt,
737 2291 899 2354 quibus
932 2291 1125 2337 Ecclesia
1157 2291 1408 2351 designatur
1435 2294 1648 2357 incipiens
1681 2294 1737 2339 ab

366 2363 601 2411 Jerusalem
623 2361 802 2407 crevisse
820 2378 899 2423 per
915 2360 1011 2406 loca
1029 2398 1037 2416 ,
1063 2361 1107 2406 in
1128 2362 1289 2424 quibus
1310 2363 1507 2425 Apostoli
1524 2363 1737 2427 praedica-

365 2445 546 2489 verunt,
572 2443 614 2478 et
636 2432 811 2477 nomina
834 2431 1083 2477 eorumdem
1107 2431 1302 2477 locorum
1338 2434 1383 2478 in
1410 2435 1495 2480 suis
1532 2433 1736 2498 Epistolis

363 2516 405 2552 et
425 2506 544 2552 Actis
565 2502 915 2564 conscripserunt
930 2539 941 2557 ‚
961 2512 1003 2547 et
1023 2501 1124 2547 inde
1146 2501 1333 2548 diffundi
1351 2521 1430 2566 per
1446 2515 1622 2551 caeteras
1637 2521 1737 2565 gen-

363 2588 438 2625 tes.
474 2577 638 2622 Contra
669 2573 795 2620 istam
821 2573 1058 2621 Ecclesiam
1079 2590 1121 2621 se
1146 2591 1235 2620 non
1260 2574 1421 2623 habere
1439 2593 1614 2624 causam
1638 2592 1728 2622 ina-2
