1799 3251
577 294 787 324 EPtsToLA
823 295 985 326 ctxvn.
1387 287 1479 335 353

102 363 191 407 sine
214 361 284 406 illa
306 361 427 407 inflat
445 360 481 406 1.
519 359 649 416 Quod
680 377 780 405 vero
806 360 878 404 illa
913 361 1173 408 aedificando
1211 364 1473 427 impleverit,

104 431 215 478 nihil
256 431 320 476 ibi
353 431 433 475 ista
462 429 588 474 inane
615 429 732 492 quod
758 429 895 483 inflet,
932 430 1137 476 inveniet.
1170 434 1322 479 [tilem
1346 453 1479 498 porro

103 501 322 546 scientiam
338 499 585 545 definiendo
599 500 875 554 monstravit,
897 500 973 544 uhi
989 518 1088 545 cum
1111 502 1306 549 dixisset:
1328 528 1347 545 «
1367 507 1480 554 Ecce

105 571 276 633 »pietas
307 581 369 616 est
394 570 604 632 sapientia
626 570 669 614 2!
700 591 720 610 >⁷
757 570 966 614 continuo
1004 572 1248 630 subjunxit,
1273 596 1292 614 a
1328 576 1478 623 Absti-

106 663 125 682 »
145 659 241 686 nere
268 659 367 686 vero
395 659 416 684 a
446 640 585 686 malis.
609 641 785 685 scientia
809 651 870 685 est
894 640 926 686 3.
955 662 975 681 ›>
1002 641 1093 686 Cur
1113 660 1212 702 orgo
1244 662 1330 690 non
1367 646 1482 693 dici-

105 728 218 766 mus,
252 712 328 774 qui
350 712 466 756 hanc
487 711 689 756 virtutem
711 711 865 766 habet,
895 710 1058 756 habere
1074 729 1243 767 omnes3
1268 732 1367 761 cum
1382 718 1482 780 ple-

105 782 260 827 nitudo
280 783 404 841 Legis
429 781 482 825 sit
496 781 711 826 charitas?
736 783 801 826 An
816 791 979 843 quanto
998 782 1130 840 magis
1145 794 1205 828 est
1221 784 1266 828 in
1284 785 1479 840 homine,

109 863 230 898 tanto
254 853 389 911 magis
410 862 471 897 est
497 852 655 897 virtute
693 851 932 915 praeditus:
973 863 1137 913 quanto
1160 865 1301 899 autem
1324 857 1480 915 minus,

108 933 228 968 tanto
256 922 390 981 magis
414 923 522 966 inest
539 921 749 977 eivirtus;
772 921 875 982 quia
895 921 988 983 ipsa
1002 923 1240 968 cstvirtus:
1266 936 1486 988 etquanto

108 993 248 1038 minus
267 993 376 1037 inest
399 992 554 1044 virtus,
588 1001 708 1036 tanto
735 991 872 1050 magis
892 1001 954 1035 est
977 991 1160 1037 vitium?
1183 993 1269 1038 Ubi
1292 1011 1392 1055 ergo
1413 997 1487 1043 illa

71 1102 78 1110 .
105 1063 234 1126 plena
261 1073 302 1107 et
324 1062 515 1125 perfecta
541 1062 639 1117 erit,
666 1062 779 1107 nihil
801 1079 847 1107 ex
862 1061 968 1107 vitio
987 1063 1240 1109 remanebit.

170 1134 272 1180 XII.
300 1133 491 1179 Proinde
513 1133 623 1179 mihi
638 1134 842 1179 videntur
857 1133 993 1177 Sto'i'ci
1010 1132 1118 1186 falli,
1137 1135 1238 1196 quia
1255 1138 1487 1198 proficien-

106 1215 190 1249 tem
211 1204 435 1249 hominem
470 1204 514 1248 in
549 1204 777 1266 sapientia,
812 1202 969 1249 nolunt
1006 1203 1184 1249 omnino
1231 1205 1394 1252 habere
1418 1226 1488 1254 sa—

107 1275 336 1338 pientiam,
353 1274 426 1319 sed
452 1285 558 1320 tunc
583 1274 765 1329 hahere,
793 1291 893 1320 cum
925 1274 970 1318 in
997 1290 1044 1318 ea
1069 1275 1246 1320 omnino
1274 1278 1491 1339 perfectus

106 1345 273 1390 fuerit:
310 1361 394 1389 non
430 1344 533 1406 quia
569 1344 692 1389 illum
726 1355 985 1407 provectum
1016 1354 1192 1403 negant3
1223 1347 1295 1390 sed
1334 1349 1416 1394 nisi
1445 1368 1492 1396 ex

108 1413 329 1478 profundo
363 1413 555 1476 quodam
588 1413 846 1473 emergendo
866 1451 877 1469 ,
908 1424 1087 1476 repente
1121 1415 1275 1460 emicet
1299 1417 1343 1462 in
1366 1436 1491 1465 auras

108 1485 332 1548 sapientiae
365 1483 525 1529 liberas
543 1520 553 1539 ,
588 1483 709 1529 nulla
734 1501 780 1528 ex
801 1494 924 1546 parte
957 1501 1043 1528 esse
1068 1484 1321 1546 sapientem.
1367 1489 1490 1536 Sicut

109 1557 220 1602 enim
259 1555 372 1601 nihil
396 1555 571 1599 interest
607 1555 661 1600 ad
687 1555 912 1601 hominem
950 1554 1310 1618 praefocandum,
1341 1571 1490 1607 utrum

111 1644 267 1690 aquam
302 1625 448 1671 stadiis
477 1625 624 1671 multis
660 1643 791 1688 super
824 1643 866 1671 se
906 1625 1070 1670 habeat
1104 1625 1248 1683 altam,
1285 1641 1358 1675 aut
1402 1649 1488 1678 uno

109 1698 277 1762 palmo,
308 1708 384 1742 aut
407 1696 574 1756 digito:
600 1696 662 1741 sic
695 1697 791 1741 illos
811 1696 889 1759 qui
925 1696 1108 1741 tendunt
1133 1697 1186 1741 ad
1213 1700 1486 1761 sapientiam,

108 1769 318 1831 proficere
335 1767 511 1830 quidem
531 1765 686 1811 dicunt
703 1777 910 1829 tanquam
936 1766 990 1810 ab
1004 1766 1092 1810 imo
1121 1768 1300 1826 gurgitis
1313 1788 1489 1831 surgen-

109 1849 169 1884 tes
187 1839 233 1883 in
248 1844 388 1883 aerem
405 1856 415 1893 3
434 1836 507 1882 sed
527 1836 608 1881 nisi
630 1847 764 1882 totam
781 1835 1009 1881 stultitiam
1034 1835 1151 1880 velut
1165 1840 1485 1901 opprimentem

110 1926 286 1972 aquam,
314 1906 583 1970 proficiendo
620 1907 739 1952 velut
758 1906 1014 1965 emergendo
1033 1907 1260 1964 evaserint,
1287 1928 1374 1957 non
1403 1914 1488 1959 ha-

108 1980 210 2024 bere
229 1979 453 2033 virtutem,
474 1994 553 2022 nec
576 1993 663 2022 esse
692 1978 934 2040 sapientes:
975 1977 1050 2021 uhi
1087 1989 1229 2024 autem
1254 1984 1483 2041 evaserint,

110 2068 208 2096 mox
242 2050 406 2096 habere
440 2059 600 2103 totam,
641 2065 720 2093 nec
744 2047 986 2111 quidquam
1023 2047 1219 2095 stultitiae
1240 2068 1483 2112 remanere,

111 2120 227 2165 unde
244 2120 422 2165 omnino
443 2118 582 2164 ullum
596 2128 826 2180 peccatum
848 2119 980 2181 possit
1003 2118 1189 2166 existere.

176 2191 303 2236 xm.
327 2191 435 2235 Haec
456 2188 715 2243 similitudo,
739 2189 817 2234 ubi
840 2188 1025 2234 stultitia
1048 2189 1166 2234 velut
1185 2209 1310 2255 aqua,
1349 2206 1391 2240 et
1414 2214 1486 2242 sa-

112 2261 276 2326 pientia
296 2259 414 2305 velut
435 2264 512 2304 aer
531 2260 712 2322 ponitur
738 2297 749 2315 ,
777 2270 825 2304 ut
845 2259 1012 2304 animus
1027 2278 1047 2305 a
1065 2260 1372 2322 praefocatione
1385 2268 1490 2313 stul-

110 2331 219 2376 titiae
242 2341 450 2392 tanquam
469 2346 689 2389 emergens
720 2329 764 2374 in
799 2330 1052 2392 sapientiam
1094 2344 1267 2393 repente
1287 2337 1484 2399 respiret,

113 2419 202 2448 non
226 2401 335 2446 mihi
352 2399 521 2445 videtur
543 2399 644 2445 satis
668 2400 997 2445 accommodata
1022 2412 1264 2448 nostrarum
1291 2405 1489 2470 Scriptu-

114 2488 263 2517 rarum
286 2470 537 2516 auctoritati
565 2487 575 2514 ε
603 2469 676 2514 sed
697 2469 771 2514 illa
789 2470 951 2533 potiUS‚
980 2481 1027 2514 ut
1047 2471 1202 2517 vitium
1220 2473 1286 2519 vel
1309 2476 1493 2523 stultitia

116 2542 321 2599 tenebris,
355 2541 443 2587 luci
485 2550 629 2586 autem
660 2540 796 2586 virtus
834 2540 902 2586 vel
943 2541 1152 2603 sapientia
1191 2557 1494 2608 comparetur,

164 2625 175 2647 ¹
199 2636 211 2656 1
229 2626 303 2657 Cor.
321 2635 388 2661 viu,
410 2635 436 2654 1.
450 2640 496 2647 —
511 2621 527 2648 2
541 2622 618 2657 Job.
646 2633 766 2661 xxvm,
788 2625 845 2658 28.
867 2640 909 2647 —
926 2619 940 2644 ³
963 2625 1056 2655 Rom.
1076 2634 1147 2662 xm,
1168 2635 1221 2656 10.

246 2694 408 2726 cxtvu.
1312 2683 1369 2729 23
