1799 3251
606 287 818 319 Erlsrom
855 288 1007 319 crvur.
1409 270 1499 322 283

124 353 252 417 byter
293 370 393 401 curn
415 369 514 399 sene
551 351 738 398 Theasio
781 352 827 398 iu
872 353 1136 400 monasterio
1176 369 1263 400 esse
1293 365 1517 417 coeperant

126 423 379 470 consolandi
414 440 456 469 se
492 423 629 483 gratia
652 458 662 478 ‚
694 422 766 468 sed
793 433 890 485 post
923 424 1097 469 tertium
1135 423 1250 485 diem
1275 441 1306 486 p
1324 425 1416 470 ueri
1443 425 1515 471 de-

125 493 292 549 functi,
317 492 490 539 videtur
515 493 630 538 idem
653 509 764 555 puer
791 493 845 538 ad
874 495 1184 540 monasterium
1217 494 1457 553 ingressus,
1475 505 1517 540 et

128 563 355 626 aquodam
384 563 516 609 fratre
551 580 627 625 per
664 563 887 625 quoddam
930 565 1153 610 somnium
1182 565 1480 624 interrogatur
1498 600 1510 620 ‚

128 645 276 679 utrum
300 634 427 679 sciret
457 651 499 679 se
526 633 655 679 fuisse
681 637 938 679 mortuum?
965 634 1070 679 dixit
1118 652 1160 680 se
1194 635 1301 680 scire
1323 652 1333 680 :
1362 646 1510 680 utrum

126 703 272 750 fuisset
297 722 319 750 a
339 708 432 749 Deo
462 707 693 767 receptus?
714 715 756 750 et
779 705 864 750 hoc
889 721 1036 750 secum
1059 722 1215 764 magna
1241 705 1391 750 retulit
1407 722 1509 764 gra-

129 775 349 822 tulatione.
391 775 594 838 Cumque
630 792 758 821 eausa
800 785 1073 839 quaereretur
1111 792 1190 821 cur
1226 775 1503 831 advenisset,

128 844 187 890 ait
221 855 326 890 tunc
359 843 456 901 ille,
490 845 645 890 Missus
675 862 770 890 sum
796 855 844 890 ut
880 844 1106 891 exhibeam
1144 855 1311 908 patrem
1345 862 1506 891 meum.

130 914 319 973 Evigilat
359 914 430 960 cui
459 915 559 960 baec
597 915 976 970 ostendebantur,
1026 927 1067 961 et
1108 926 1268 962 narrat.
1310 915 1513 961 Pervenit

129 1001 267 1047 usque
304 984 358 1029 ad
394 1002 538 1030 aurem
571 985 769 1047 episcopi
801 985 989 1031 Theasii.
1040 985 1128 1042 Qui
1159 995 1382 1048 permotus
1428 985 1512 1030 ob·-

124 1054 315 1114 jurgavit
350 1053 564 1100 dicentem
590 1091 600 1109 ‚
629 1071 682 1099 ne
703 1054 829 1100 facile
853 1055 1101 1118 perveniret
1139 1055 1195 1100 ad
1229 1071 1375 1100 aurem
1396 1071 1512 1117 pres-

129 1123 302 1186 byteri‚
333 1135 375 1170 et
409 1125 747 1187 perturbaretur
781 1125 858 1170 tali
897 1125 1066 1172 nuntio.
1101 1124 1225 1181 Quid
1264 1124 1367 1170 diu?
1407 1125 1512 1170 Post

131 1193 220 1239 dies
241 1193 351 1240 forte
373 1205 562 1258 quatuor
582 1194 839 1239 visitationis
859 1212 959 1240 cum
991 1195 1189 1258 loquitur
1207 1231 1217 1248 ,
1242 1211 1342 1239 nam
1366 1193 1511 1239 modi-

131 1281 227 1309 cam
251 1275 437 1310 senserat
456 1264 715 1310 febriculam
733 1301 744 1320 ,
767 1265 1014 1327 perieulum
1043 1264 1214 1311 nullum
1233 1275 1346 1320 erat,
1369 1263 1512 1310 medi-

132 1351 208 1380 cus
230 1334 408 1389 aberat,
437 1334 514 1398 qui
532 1345 704 1397 pennus
723 1334 1063 1380 sollicitudinem
1088 1334 1252 1380 nullam
1273 1351 1358 1380 esse
1381 1344 1510 1379 testa·

132 1415 281 1450 retur:
322 1415 364 1450 at
392 1405 469 1450 ubi
493 1421 535 1449 se
562 1405 607 1449 in
633 1404 795 1450 lectum
822 1404 1054 1450 inclinavit
1075 1441 1086 1460 ‚
1115 1405 1284 1450 solutus
1310 1415 1372 1449 est
1395 1404 1511 1450 idem

132 1476 374 1539 presbyter.
419 1477 509 1522 Nec
534 1486 655 1521 taceo
677 1512 688 1531 ‚
722 1476 828 1521 etin
851 1475 939 1521 hoe
960 1476 1055 1539 ipso
1081 1475 1150 1522 die
1169 1492 1258 1539 quo
1285 1492 1395 1538 puer
1422 1474 1512 1520 sol-

132 1547 342 1603 vebatur,
381 1547 491 1610 petit
525 1557 694 1609 patrem
734 1546 789 1592 ad
824 1564 977 1610 pacem
1006 1557 1048 1592 et
1070 1547 1182 1610 petit
1208 1547 1333 1592 tertio
1353 1583 1363 1601 ‚
1402 1545 1514 1592 etin

134 1617 312 1677 singulis
337 1618 495 1664 osculis
523 1617 697 1663 dicebat
721 1619 835 1680 patri
859 1654 870 1670 ,
908 1619 1035 1663 Pater
1067 1618 1266 1663 dicamus
1298 1620 1393 1662 Deo
1412 1634 1516 1676 gra-

135 1688 217 1733 tias
233 1705 244 1743 ;
263 1699 304 1734 et
323 1699 489 1752 patrem
511 1688 694 1748 cogebat
728 1699 776 1733 ut
812 1689 971 1751 pariter
995 1705 1140 1734 secum
1163 1687 1335 1733 dixisset
1350 1724 1361 1742 ,
1391 1686 1516 1750 quasi

136 1776 411 1804 communem
438 1759 668 1805 exhortans
699 1758 754 1804 ad
783 1759 1062 1818 migrandum
1083 1776 1130 1804 ex
1154 1758 1240 1803 hac
1263 1757 1366 1804 vita.
1402 1758 1515 1802 Nam

137 1828 247 1874 inter
269 1840 475 1892 utrosque
499 1840 662 1892 septem
690 1828 779 1874 dies
811 1829 943 1874 medii
963 1838 1262 1875 numerantur.
1290 1826 1411 1883 Quid
1443 1827 1519 1872 fiet

138 1898 191 1945 de
210 1899 342 1944 tantis
358 1901 521 1945 rebus?
544 1899 651 1955 Quis
675 1899 755 1944 erit
780 1898 1052 1944 occultarum
1081 1898 1262 1944 istarum
1285 1912 1513 1942 causarum
1558 1904 1564 1909 ”

137 1969 411 2016 fidelissimus
432 1970 663 2029 magister?
692 1972 828 2015 ‚Estus
857 1969 1001 2015 cordis
1033 1968 1117 2014 mei
1148 1967 1343 2013 refundit
1375 1984 1416 2012 se
1434 1966 1517 2011 tibi

137 2040 182 2086 in
208 2051 402 2103 tempore
427 2040 650 2100 angustiae.
673 2040 946 2103 Dispensatio
978 2040 1113 2085 exitus
1137 2038 1262 2101 pueri
1285 2074 1296 2093 ,
1339 2040 1516 2099 ejusque

138 2110 274 2173 patris
295 2121 358 2155 est
390 2110 612 2156 manifesta
632 2147 641 2165 ‚
679 2110 780 2173 quia
817 2109 904 2155 duo
939 2125 1129 2173 passeres
1162 2125 1251 2153 non
1280 2107 1438 2153 cadent
1462 2104 1516 2150 ad

141 2191 297 2226 terram
320 2181 409 2225 sine
429 2180 653 2226 voluntate
676 2179 863 2227 Patris1.
890 2202 910 2222 »

206 2251 286 2296 XI.
319 2272 338 2291 α
370 2251 571 2297 Animam
588 2267 688 2311 ergo
720 2251 840 2297 omni
864 2267 1049 2315 corpore
1070 2266 1215 2295 carere
1233 2248 1407 2312 penitus
1431 2263 1519 2292 non

140 2338 285 2386 posse,
309 2320 382 2366 illa
407 2339 496 2376 res,
525 2332 571 2366 ut
587 2332 695 2384 puto
711 2358 722 2378 ‚
746 2322 935 2368 ostendit
957 2359 968 2378 ‚
996 2320 1101 2384 quia
1128 2322 1244 2366 Deus
1265 2318 1382 2365 solus
1400 2317 1519 2364 omni

142 2409 323 2456 corpore
354 2410 521 2455 semper
551 2403 682 2438 caret.
717 2396 818 2438 Post
855 2392 1084 2437 transitum
1120 2400 1260 2436 autem
1299 2388 1512 2444 animam,

144 2479 276 2525 quam
302 2463 435 2522 magis
465 2461 779 2522 vigilantiorem
803 2461 895 2508 fore
916 2462 1124 2517 arbitror,
1159 2459 1368 2523 expositio
1393 2468 1522 2503 tantae

146 2532 270 2578 molis
293 2550 517 2596 corporeae
539 2533 754 2590 ostendit,
778 2544 884 2580 tunc
908 2533 1022 2580 enim
1043 2532 1089 2578 in
1113 2531 1282 2578 actione
1312 2539 1354 2575 et
1377 2528 1524 2588 cogni-

196 2615 340 2649 ¹Mauh.
362 2628 392 2653 X,
416 2627 468 2657 29.
