1799 3251
584 261 792 290 inus'rom
830 262 973 292 cxmx.
1379 246 1463 292 185

97 340 173 375 rat.
203 331 313 373 Cum
336 344 433 387 ergo
461 336 834 372 commemorasset
869 337 910 371 et
939 325 1280 372 commendasset
1322 343 1466 389 quan-

95 409 187 443 tum
211 408 426 443 certamen
450 413 532 459 pro
564 396 622 441 eis
646 395 831 441 haberet
852 395 888 451 1,
918 407 958 441 et
984 413 1064 459 pro
1085 396 1154 441 his
1170 432 1179 450 ‚
1207 396 1282 458 qui
1303 395 1467 440 Laodi-

93 485 181 513 ceae
208 467 396 523 fuerant,
423 478 463 512 et
485 467 751 530 quicumque
778 483 863 511 non
893 466 1091 512 viderant
1113 465 1265 511 faciem
1303 468 1393 524 ejus
1419 465 1463 510 in
1507 480 1511 482 ’

93 554 239 593 carne,
269 548 316 582 ut
336 537 543 583 cordibus
568 535 893 582 consolarentur
916 537 1109 600 copulati
1141 537 1186 581 in
1230 534 1460 583 charitate.

93 617 133 652 et
164 607 206 652 in
233 607 438 652 omnibus
476 606 636 651 divitiis
669 605 954 668 plenitudinis
977 606 1246 661 intellectus,
1274 604 1325 650 ad
1356 622 1463 664 cog-

93 676 358 723 noscendum
408 678 654 739 mysterium
687 677 758 722 Dei
800 677 917 740 quod
956 688 1017 722 est
1051 677 1267 729 Christus,
1295 675 1338 720 in
1375 692 1462 738 quo

93 759 191 793 sunt
208 765 354 793 omnes
383 748 573 793 thesauri
615 747 837 810 sapientiae
870 759 911 793 et
949 747 1144 793 scientiae
1180 745 1458 791 absconditi:

92 819 225 863 »Hoc
246 818 361 872 dico,
397 818 555 881 inquit.
579 828 625 862 ut
650 835 774 862 nemo
798 835 873 862 vos
896 817 1208 863 circumveniat
1229 816 1271 860 in
1295 815 1381 860 veri
1403 815 1462 860 si-

92 910 111 930 »
137 887 228 933 mili
252 906 473 934 sermone:
513 889 613 952 quia
641 888 827 932 veritatis
863 905 1006 932 amore
1039 886 1330 940 ducebamur,
1374 884 1464 930 veri

91 958 416 1004 similitudinem
440 959 522 1004 illis
541 959 701 1013 timuit,
724 975 776 1002 ne
800 958 1115 1021 deciperentur.
1145 958 1196 1001 Et
1224 955 1320 1000 ideo
1338 971 1462 1000 com-

92 1028 311 1074 mendavit
346 1030 388 1073 in
431 1030 607 1074 Christo
631 1028 748 1091 quod
780 1028 1076 1074 dulcissimum
1104 1027 1331 1072 habebant
1362 1025 1461 1070 the-

91 1115 285 1148 saurum„
315 1100 478 1145 scilicet
507 1099 730 1162 sapientiae
764 1110 803 1143 et
831 1099 1040 1151 scientiae,
1074 1101 1200 1157 cujus
1226 1096 1400 1141 nomine
1422 1105 1463 1139 et

91 1170 374 1231 promissione
396 1170 544 1215 induci
560 1181 759 1232 poterant
786 1171 826 1214 in
849 1186 1051 1215 errorem.

157 1241 293 1287 XXV.
321 1263 340 1282 «
367 1242 475 1286 Nam
496 1242 570 1286 etsi
595 1257 795 1304 corpore,
824 1241 982 1304 inquit.
1013 1241 1164 1284 absens
1189 1255 1281 1283 sum
1306 1237 1461 1300 spiritu

91 1331 112 1352 >2
133 1311 357 1356 vobiscum
378 1328 490 1368 sum,
509 1310 699 1370 gaudens
715 1322 756 1355 et
771 1311 918 1356 videns
931 1322 1110 1355 vestram
1128 1307 1462 1361 ordinationem,

91 1402 111 1422 υ
137 1392 178 1426 et
196 1382 238 1427 id
261 1382 378 1445 quod
395 1381 841 1428 deestfideivestraein
856 1381 1077 1426 Chrisio2.
1100 1404 1117 1420 υ
1135 1378 1326 1425 tdeoillis
1345 1378 1465 1423 time·

90 1451 168 1496 bat
191 1454 395 1514 quoniam
415 1451 522 1516 quid
540 1452 597 1497 eis
619 1451 765 1496 adhue
781 1450 941 1496 deesset
954 1450 1147 1495 videbat.
1183 1471 1200 1489 c<
1220 1449 1343 1494 Sicut
1361 1464 1460 1506 ergo

90 1543 111 1564 »
127 1523 368 1585 accepistis.
390 1523 548 1586 inquit,
572 1525 717 1569 Jesum
738 1522 962 1568 Christum
991 1522 1222 1567 Dominum
1249 1530 1458 1570 nostrum,

91 1591 277 1656 »inipso
295 1594 543 1646 ambulate3
572 1592 755 1639 radicati
777 1603 818 1639 et
843 1591 1182 1657 superaecliticati
1207 1592 1249 1636 in
1274 1591 1368 1654 ipso
1389 1627 1398 1644 ,
1418 1600 1461 1634 et

90 1665 372 1709 »confirmati
397 1664 439 1709 in
462 1664 564 1719 fide,
592 1664 705 1709 sicut
725 1674 765 1709 et
792 1663 1022 1710 didicistis.
1048 1661 1322 1707 abundantes
1347 1661 1389 1705 in
1413 1678 1460 1705 ea

91 1734 360 1793 »gratiarum
387 1734 555 1780 actione
582 1733 613 1780 ⁵.
637 1756 655 1775 υ
674 1734 862 1780 Vulteos
886 1733 971 1779 fide
996 1733 1179 1784 nutriri,
1210 1742 1254 1777 ut
1283 1748 1463 1788 capaces

89 1805 196 1849 siant
216 1805 623 1868 participandorum
641 1805 940 1850 thesaurorum
956 1805 1177 1867 sapientiae
1196 1813 1237 1847 et
1255 1802 1461 1854 scientiae,

89 1875 163 1937 qui
186 1885 286 1920 sunt
305 1875 545 1921 absconditi
569 1875 612 1920 in
637 1875 832 1928 Christo,
860 1892 911 1919 ne
931 1885 1160 1938 antequam
1186 1874 1269 1918 sint
1289 1871 1340 1917 ad
1360 1871 1458 1916 haec

89 1944 250 1998 idonei,
276 1946 364 1991 veri
393 1945 519 1991 simili
551 1962 745 1991 sermone
783 1945 1033 2008 capiantur,
1061 1955 1103 1989 et
1129 1962 1149 1989 a
1174 1943 1364 1988 veritatis
1387 1941 1463 1986 iti-

88 2033 187 2061 nere
211 2015 396 2064 devient.
424 2016 586 2061 Deinde
608 2016 800 2079 apertius
825 2015 930 2079 quid
958 2016 1015 2060 eis
1034 2018 1182 2060 timeat
1203 2011 1427 2059 ostendens
1451 2028 1461 2055 :

66 2108 111 2128 ·»
136 2086 305 2141 Videte²
327 2087 487 2151 inquit,
508 2104 558 2132 ne
579 2088 674 2149 quis
699 2104 773 2131 vos
798 2086 989 2149 decipiat
1016 2103 1092 2148 per
1112 2083 1461 2148 philosophiam.

89 2177 110 2197 >2
135 2167 176 2201 et
190 2158 356 2202 inanem
373 2157 667 2202 seductionem
682 2156 840 2201 secund
851 2173 919 2201 um
936 2156 1205 2201 traditionem
1224 2154 1467 2206 hominum,

91 2248 110 2268 >³
131 2227 369 2272 secundum
388 2227 595 2272 elementa
618 2226 785 2274 mundi,
808 2238 847 2272 et
864 2244 950 2272 non
969 2225 1206 2272 secundum
1223 2224 1463 2269 Christum.

93 2319 113 2339 ›>
138 2298 251 2353 Quia
273 2298 317 2342 in
342 2298 435 2361 ipso
450 2298 622 2343 habitat
640 2298 780 2342 omnis
805 2296 1031 2360 plenitudo
1050 2295 1290 2341 divinitatis
1310 2309 1466 2356 corpo-

92 2391 111 2410 »
133 2369 276 2414 raliter
301 2368 334 2415 Α.
364 2391 382 2409 >>
406 2368 508 2413 ldeo
534 2390 551 2408 «
575 2368 876 2431 Corporaliter
893 2367 1053 2417 »dixin
1075 2367 1177 2430 quia
1196 2365 1256 2411 itti
1283 2364 1468 2422 umbra-

90 2438 222 2485 tiliter
247 2438 541 2492 seducebant,
589 2438 795 2483 translato
844 2439 976 2483 verbo
1022 2453 1121 2482 usus
1140 2474 1150 2490 ‚
1188 2436 1300 2481 sicut
1341 2435 1466 2479 etiam

92 2509 262 2555 umbrae
291 2527 446 2555 nomen
471 2509 512 2554 in
540 2509 606 2554 his
630 2509 760 2554 rebus
784 2527 870 2554 non
890 2519 952 2554 est
977 2508 1126 2571 utique
1155 2506 1334 2552 verbum
1358 2521 1466 2568 pro-

140 2593 148 2614 ¹
167 2593 289 2625 (juloss.
316 2602 348 2626 Η.
374 2596 441 2625 1-3.
461 2612 500 2616 —
517 2592 532 2613 ‘²
551 2593 631 2623 ibid.
654 2595 684 2623 5.
698 2611 738 2616 -
755 2590 769 2614 ³
785 2592 832 2623 tbi
846 2593 867 2623 l.
884 2595 918 2626 6.
937 2604 951 2631 7
983 2588 1053 2614 —⁴
1080 2591 1160 2622 thid.
1178 2593 1207 2621 «⁸3.
1230 2602 1249 2630 9
