1799 3251
620 324 831 357 Erisrom
866 325 1039 358 etxxvi.
1421 317 1512 380 397

209 391 290 438 ΙΙΙ.
319 389 374 436 t't
391 406 491 450 ergo
518 390 596 436 alia
617 393 841 439 omittatus
856 431 866 450 ,
887 410 985 456 quae
1011 402 1161 440 contra
1175 406 1339 443 sanetas
1355 396 1511 462 Scrip-

144 472 263 508 turas
282 460 472 525 plurima
497 459 710 509 disserunt
739 481 749 508 ε
776 464 873 510 liaec
897 464 1068 510 interim
1095 464 1207 522 duo,
1231 467 1392 530 quibus
1415 486 1513 516 om-

145 534 249 578 nino
280 542 421 577 totum
449 532 568 595 quod
605 533 843 579 Christiani
878 551 1026 580 sumus
1059 535 1261 583 nituntur
1294 550 1480 586 evertere
1501 578 1511 598 ‚

146 619 246 667 quae
267 602 411 648 fidelia
436 603 568 649 corda
592 604 857 660 sustineant,
884 621 971 650 non
996 621 1082 650 esse
1105 607 1347 666 rogandum
1374 610 1514 657 Deum

147 685 196 719 ut
223 683 373 719 contra
396 674 565 737 peccati
594 674 756 720 malum
784 685 912 738 atque
938 674 992 720 ad
1016 676 1280 737 operandam
1301 680 1513 737 justitiam

147 744 201 789 sit
233 754 378 790 noster
407 743 582 803 adjutor
601 781 611 800 ,
648 755 688 789 et
717 761 802 789 non
829 744 1034 808 opitulari
1068 746 1260 807 parvulis
1291 748 1342 793 ad
1371 766 1516 796 conse-

145 815 366 879 quendam
400 815 533 860 vitam
559 826 764 861 aeternam
792 816 1054 861 Christianae
1082 817 1233 875 gratiae
1259 817 1518 866 Sacramen-

148 889 274 932 tum?
300 886 407 931 Haec
429 885 695 932 insinuantes
722 886 962 950 apostolico
983 887 1150 949 pectori
1176 897 1250 935 tuo
1267 926 1279 945 ‚
1303 907 1389 936 non
1409 908 1519 955 opus

147 956 359 1002 habemus
400 955 537 1001 multa
576 956 745 1011 dicere,
785 967 826 1001 et
866 967 1030 1003 tantam
1067 956 1335 1020 impietatem
1373 963 1517 1007 verbis

147 1044 394 1087 exaggerare
410 1064 421 1082 ‚
449 1043 548 1072 cum
572 1027 730 1090 procul
750 1026 886 1073 dubio
911 1038 948 1073 te
970 1028 1029 1073 ita
1053 1041 1338 1090 promoveant
1359 1069 1368 1089 ,
1392 1043 1439 1077 ut
1464 1033 1519 1078 ab

148 1098 205 1143 eis
248 1096 513 1158 corrigendis
537 1134 547 1153 ‚
589 1114 643 1142 ne
680 1097 809 1143 latius
849 1108 1056 1162 serpant,
1093 1100 1337 1163 multosque
1374 1114 1520 1148 conta-

148 1169 338 1226 minent,
372 1169 436 1215 vel
474 1169 619 1231 potius
651 1168 931 1221 interimant,
979 1170 1084 1215 dum
1118 1188 1187 1216 eos
1231 1173 1311 1217 sul)
1345 1174 1520 1220 nomine

151 1239 315 1284 Christi
337 1277 347 1294 ‚
379 1256 400 1284 a
423 1239 558 1299 gratia
581 1239 745 1284 Christi
764 1240 939 1302 penitus
963 1240 1175 1298 alienant,
1203 1243 1380 1288 omnino
1401 1244 1522 1290 dissi·

148 1309 312 1355 mulare
330 1327 416 1355 non
435 1309 584 1372 possis,

215 1380 288 1426 IV.
321 1381 462 1439 Hujus
487 1390 629 1426 autem
657 1380 1011 1443 perniciosissimi
1037 1382 1191 1428 erroris
1216 1394 1409 1430 auctores
1438 1402 1522 1432 esse

148 1450 440 1514 perhibentur
456 1450 655 1510 Pelagius
673 1462 713 1496 et
734 1451 976 1508 Coelestius‚
993 1470 1101 1516 quos
1116 1453 1289 1516 quidem
1312 1456 1354 1500 in
1378 1457 1523 1502 Eccle-

131 1522 208 1567 sia
233 1521 370 1567 sanari
400 1521 644 1576 malumus,
673 1538 805 1584 quam
831 1521 1055 1586 desperata
1079 1524 1213 1569 salute
1245 1525 1298 1570 ab
1333 1527 1523 1573 Ecclesia

149 1592 353 1647 resecari,
377 1592 411 1636 si
429 1591 654 1636 necessitas
676 1591 796 1636 nulla
819 1592 1065 1655 compellat.
1099 1594 1298 1650 Quorum
1322 1612 1432 1641 uuus
1451 1634 1459 1651 ‚
1478 1597 1522 1643 id

150 1673 232 1717 est,
261 1662 510 1717 Caelestius,
550 1661 676 1706 etiam
722 1661 772 1706 ad
809 1662 1128 1725 presbyterium
1163 1665 1208 1709 in
1235 1665 1331 1710 Asia
1364 1666 1525 1712 (lit-itur

149 1731 403 1795 pervenisse.
438 1732 499 1776 De
517 1748 605 1794 quo
634 1742 730 1776 autc
756 1749 917 1794 paucos
939 1750 1096 1789 annos,
1114 1734 1221 1797 quid
1249 1746 1410 1794 gestum
1436 1737 1525 1782 sue-

149 1803 207 1848 rit
224 1802 427 1847 sanctitas
451 1812 524 1847 tua
549 1801 601 1846 de
627 1802 958 1862 Carthaginensi
974 1803 1150 1849 ecclesia
1176 1804 1328 1850 melius
1345 1806 1524 1853 instrui-

152 1883 236 1920 tur.
273 1873 470 1933 Pelagius
496 1889 596 1917 vero
613 1910 622 1918 .
658 1873 769 1918 sicut
792 1891 812 1918 a
835 1873 1098 1936 quibusdam
1137 1874 1345 1921 fratribus
1372 1879 1524 1924 nostris

152 1944 291 1989 missae
315 1943 557 2006 loquuntur
587 1942 815 2005 lipistolae,
842 1943 1117 2007 Jerosolymis
1141 1945 1399 1992 constitutus
1419 1965 1525 1992 non·

150 2013 293 2059 nullos
315 2013 458 2058 fallere
495 2013 693 2058 asseritur
716 2031 725 2057 :
752 2024 1047 2059 Verumtamen
1073 2014 1211 2059 multo
1245 2014 1390 2077 plures
1408 2053 1418 2072 ,
1450 2018 1524 2080 qui

152 2087 241 2143 ejus
266 2100 411 2129 sensus
435 2083 684 2142 diligentius
702 2082 907 2142 indagare
921 2094 1157 2146 potuerunt
1173 2121 1183 2140 ‚
1207 2084 1411 2132 adversus
1429 2103 1525 2132 eum

151 2171 234 2216 pro
257 2154 393 2213 gratia
420 2153 582 2198 Christi
607 2164 647 2198 et
673 2153 904 2199 catholicae
929 2153 1030 2198 fidei
1051 2154 1227 2200 veritate
1252 2156 1495 2216 confligunt
1514 2194 1524 2211 ‚

152 2224 225 2269 sed
254 2225 477 2287 praecipue
498 2234 671 2268 sanctus
698 2223 809 2268 {ilius
834 2234 933 2268 tuns
954 2261 964 2270 .
992 2224 1123 2270 frater
1145 2236 1185 2270 et
1203 2227 1530 2290 compresbyter

152 2296 303 2350 frater,
337 2297 643 2359 Hieronymus.

219 2367 269 2414 V.
312 2366 396 2412 Sed
435 2368 699 2413 arbitramur
739 2368 972 2428 adjuvante
1015 2368 1308 2415 misericordia
1354 2370 1528 2417 Domini

155 2438 235 2483 Dei
263 2437 425 2491 nostri,
468 2438 541 2500 qui
583 2448 620 2482 te
659 2450 699 2484 et
738 2457 879 2499 regere
905 2439 1226 2494 consulentem,
1264 2452 1304 2486 et
1340 2452 1531 2487 orantem

154 2508 354 2553 exaudire
370 2507 589 2567 dignatui·‚
622 2510 869 2555 auctoritati
890 2510 1130 2556 sanctitatis
1151 2521 1237 2556 tuae
1256 2548 1266 2566 ‚
1289 2510 1342 2556 de
1361 2522 1533 2557 sancta-

155 2595 252 2624 rum
279 2578 606 2641 Scripturarum
632 2581 887 2625 auctoritate
912 2580 1186 2644 depromptae
1203 2618 1213 2636 ‚
1236 2580 1406 2627 facilius
1431 2600 1501 2629 eos
1519 2621 1530 2633 ,

157 2649 232 2712 qui
258 2659 342 2694 tam
368 2666 567 2711 perversa
603 2661 643 2696 et
682 2651 924 2713 perniciosa
956 2652 1175 2709 sentiunt,
1205 2669 1290 2698 esse
1313 2670 1529 2713 cessuros,
