<?xml version="1.0" encoding="UTF-8"?>
<!DOCTYPE html PUBLIC "-//W3C//DTD XHTML 1.0 Transitional//EN"
    "http://www.w3.org/TR/xhtml1/DTD/xhtml1-transitional.dtd">
<html xmlns="http://www.w3.org/1999/xhtml" xml:lang="en" lang="en">
 <head>
  <title>
</title>
<meta http-equiv="Content-Type" content="text/html;charset=utf-8" />
  <meta name='ocr-system' content='tesseract 3.04.00' />
  <meta name='ocr-capabilities' content='ocr_page ocr_carea ocr_par ocr_line ocrx_word'/>
</head>
<body>
  <div class='ocr_page' id='page_1' title='image "./operaomniaaccura40auguuoft/operaomniaaccura40auguuoft_0299.png"; bbox 0 0 1799 3251; ppageno 0'>
   <div class='ocr_carea' id='block_1_1' title="bbox 607 274 1456 338">
    <p class='ocr_par' dir='ltr' id='par_1_1' title="bbox 607 274 1456 338">
     <span class='ocr_line' id='line_1_1' title="bbox 607 274 1456 338; baseline -0.002 -15"><span class='ocrx_word' id='word_1_1' title='bbox 607 292 815 323; x_wconf 63' lang='lat' dir='ltr'><strong>Ermum</strong></span> <span class='ocrx_word' id='word_1_2' title='bbox 852 293 945 323; x_wconf 76' lang='lat' dir='ltr'><strong>ch.</strong></span> <span class='ocrx_word' id='word_1_3' title='bbox 1364 274 1456 338; x_wconf 83' lang='lat'><strong>289</strong></span> 
     </span>
    </p>
   </div>
   <div class='ocr_carea' id='block_1_2' title="bbox 91 356 1464 698">
    <p class='ocr_par' dir='ltr' id='par_1_2' title="bbox 91 356 1464 698">
     <span class='ocr_line' id='line_1_2' title="bbox 91 356 1458 423; baseline 0 -21"><span class='ocrx_word' id='word_1_4' title='bbox 91 356 158 403; x_wconf 88' lang='lat' dir='ltr'><strong>vel</strong></span> <span class='ocrx_word' id='word_1_5' title='bbox 193 358 390 422; x_wconf 87' lang='lat' dir='ltr'><strong>impietas</strong></span> <span class='ocrx_word' id='word_1_6' title='bbox 422 359 678 422; x_wconf 88' lang='lat' dir='ltr'><strong>plerumque</strong></span> <span class='ocrx_word' id='word_1_7' title='bbox 708 356 904 414; x_wconf 81' lang='lat' dir='ltr'><strong>deludit,</strong></span> <span class='ocrx_word' id='word_1_8' title='bbox 941 357 1118 423; x_wconf 84' lang='lat' dir='ltr'><strong>quando</strong></span> <span class='ocrx_word' id='word_1_9' title='bbox 1151 358 1250 404; x_wconf 88' lang='lat' dir='ltr'><strong>visis</strong></span> <span class='ocrx_word' id='word_1_10' title='bbox 1283 357 1458 421; x_wconf 86' lang='lat' dir='ltr'><strong>piorum</strong></span> 
     </span>
     <span class='ocr_line' id='line_1_3' title="bbox 93 428 1461 492; baseline 0.001 -20"><span class='ocrx_word' id='word_1_11' title='bbox 93 437 221 490; x_wconf 83' lang='lat' dir='ltr'><strong>atque</strong></span> <span class='ocrx_word' id='word_1_12' title='bbox 261 429 522 475; x_wconf 87' lang='lat' dir='ltr'><strong>Sanctorum</strong></span> <span class='ocrx_word' id='word_1_13' title='bbox 564 428 718 475; x_wconf 86' lang='lat' dir='ltr'>similia</span> <span class='ocrx_word' id='word_1_14' title='bbox 751 428 958 492; x_wconf 82' lang='lat' dir='ltr'><strong>pleraque</strong></span> <span class='ocrx_word' id='word_1_15' title='bbox 988 439 1246 484; x_wconf 60' lang='lat' dir='ltr'><strong>narrantum</strong></span> <span class='ocrx_word' id='word_1_16' title='bbox 1272 443 1461 491; x_wconf 88' lang='lat' dir='ltr'><strong>quorum</strong></span> 
     </span>
     <span class='ocr_line' id='line_1_4' title="bbox 92 496 1464 562; baseline 0 -20"><span class='ocrx_word' id='word_1_17' title='bbox 92 499 286 562; x_wconf 87' lang='lat' dir='ltr'><strong>exempla</strong></span> <span class='ocrx_word' id='word_1_18' title='bbox 309 499 342 544; x_wconf 91' lang='lat' dir='ltr'><strong>si</strong></span> <span class='ocrx_word' id='word_1_19' title='bbox 363 516 700 545; x_wconf 85' lang='lat' dir='ltr'><strong>commemorare</strong></span> <span class='ocrx_word' id='word_1_20' title='bbox 729 497 978 555; x_wconf 86' lang='lat' dir='ltr'><strong>voluissem,</strong></span> <span class='ocrx_word' id='word_1_21' title='bbox 999 509 1170 562; x_wconf 89' lang='lat' dir='ltr'><strong>tempus</strong></span> <span class='ocrx_word' id='word_1_22' title='bbox 1194 497 1302 544; x_wconf 91' lang='lat' dir='ltr'><strong>mihi</strong></span> <span class='ocrx_word' id='word_1_23' title='bbox 1316 496 1464 561; x_wconf 88' lang='lat' dir='ltr'><strong>potius</strong></span> 
     </span>
     <span class='ocr_line' id='line_1_5' title="bbox 94 567 1461 632; baseline 0.001 -19"><span class='ocrx_word' id='word_1_24' title='bbox 94 584 223 629; x_wconf 85' lang='lat' dir='ltr'><strong>quam</strong></span> <span class='ocrx_word' id='word_1_25' title='bbox 251 570 378 632; x_wconf 85' lang='lat' dir='ltr'><strong>copia</strong></span> <span class='ocrx_word' id='word_1_26' title='bbox 404 569 621 616; x_wconf 81' lang='lat' dir='ltr'><strong>defuisset.</strong></span> <span class='ocrx_word' id='word_1_27' title='bbox 648 572 697 614; x_wconf 87' lang='lat' dir='ltr'><strong>In</strong></span> <span class='ocrx_word' id='word_1_28' title='bbox 718 569 893 615; x_wconf 89' lang='lat' dir='ltr'>Domini</span> <span class='ocrx_word' id='word_1_29' title='bbox 918 569 1208 616; x_wconf 82' lang='lat' dir='ltr'><strong>misericordia</strong></span> <span class='ocrx_word' id='word_1_30' title='bbox 1229 567 1433 629; x_wconf 81' lang='lat' dir='ltr'><strong>vegeteris</strong></span> <span class='ocrx_word' id='word_1_31' title='bbox 1449 604 1461 625; x_wconf 85' lang='lat'><strong>,</strong></span> 
     </span>
     <span class='ocr_line' id='line_1_6' title="bbox 95 637 1422 698; baseline 0.002 -16"><span class='ocrx_word' id='word_1_32' title='bbox 95 637 269 684; x_wconf 88' lang='lat' dir='ltr'><strong>domine</strong></span> <span class='ocrx_word' id='word_1_33' title='bbox 286 639 553 698; x_wconf 81' lang='lat' dir='ltr'><strong>beatissime,</strong></span> <span class='ocrx_word' id='word_1_34' title='bbox 573 651 614 686; x_wconf 89' lang='lat' dir='ltr'><strong>et</strong></span> <span class='ocrx_word' id='word_1_35' title='bbox 630 639 886 686; x_wconf 83' lang='lat' dir='ltr'><strong>venerabilis</strong></span> <span class='ocrx_word' id='word_1_36' title='bbox 905 649 946 685; x_wconf 89' lang='lat' dir='ltr'><strong>et</strong></span> <span class='ocrx_word' id='word_1_37' title='bbox 965 638 1260 685; x_wconf 81' lang='lat' dir='ltr'><strong>desiderabilis</strong></span> <span class='ocrx_word' id='word_1_38' title='bbox 1275 639 1422 686; x_wconf 75' lang='lat' dir='ltr'><strong>frater.</strong></span> 
     </span>
    </p>
   </div>
   <div class='ocr_carea' id='block_1_3' title="bbox 94 804 1472 824">
    <p class='ocr_par' dir='ltr' id='par_1_3' title="bbox 94 804 1472 824">
     <span class='ocr_line' id='line_1_7' title="bbox 94 804 1472 824; baseline 0.001 -5"><span class='ocrx_word' id='word_1_39' title='bbox 94 804 138 820; x_wconf 55' lang='lat' dir='ltr'><strong>&amp;W</strong></span> <span class='ocrx_word' id='word_1_40' title='bbox 142 805 227 820; x_wconf 59' lang='grc' dir='ltr'><strong>ΛὟΜ</strong></span> <span class='ocrx_word' id='word_1_41' title='bbox 232 806 318 820; x_wconf 60' lang='grc' dir='ltr'><strong>ινΙΙἉὟ</strong></span> <span class='ocrx_word' id='word_1_42' title='bbox 327 806 368 820; x_wconf 57' lang='lat' dir='ltr'><strong>tw</strong></span> <span class='ocrx_word' id='word_1_43' title='bbox 373 806 458 820; x_wconf 59' lang='grc' dir='ltr'><strong>κᾺΜ</strong></span> <span class='ocrx_word' id='word_1_44' title='bbox 463 806 597 821; x_wconf 59' lang='grc' dir='ltr'><strong>ῚΛΝΜᾺΝ</strong></span> <span class='ocrx_word' id='word_1_45' title='bbox 602 807 642 821; x_wconf 54' lang='grc' dir='ltr'><strong>ΛΝ</strong></span> <span class='ocrx_word' id='word_1_46' title='bbox 646 806 868 821; x_wconf 50' lang='grc' dir='ltr'><strong>ἏΝΑΑΑΛΚΝἉΝΚΚΝ</strong></span> <span class='ocrx_word' id='word_1_47' title='bbox 875 806 1008 820; x_wconf 55' lang='grc' dir='ltr'><strong>ᾺΝΛΝᾺὮ</strong></span> <span class='ocrx_word' id='word_1_48' title='bbox 1018 807 1058 821; x_wconf 57' lang='lat' dir='ltr'><strong>xm</strong></span> <span class='ocrx_word' id='word_1_49' title='bbox 1063 806 1103 820; x_wconf 56' lang='grc' dir='ltr'><strong>ὶΛΧ</strong></span> <span class='ocrx_word' id='word_1_50' title='bbox 1108 806 1150 821; x_wconf 53' lang='lat' dir='ltr'><strong>§W</strong></span> <span class='ocrx_word' id='word_1_51' title='bbox 1154 806 1194 820; x_wconf 55' lang='grc' dir='ltr'><strong>κὶἱ</strong></span> <span class='ocrx_word' id='word_1_52' title='bbox 1199 806 1239 821; x_wconf 58' lang='lat' dir='ltr'><strong>§M</strong></span> <span class='ocrx_word' id='word_1_53' title='bbox 1247 805 1333 824; x_wconf 52' lang='lat' dir='ltr'><strong>swam</strong></span> <span class='ocrx_word' id='word_1_54' title='bbox 1341 806 1421 822; x_wconf 56' lang='lat' dir='ltr'><strong>05qu</strong></span> <span class='ocrx_word' id='word_1_55' title='bbox 1428 806 1472 822; x_wconf 65' lang='grc' dir='ltr'><strong><em>Μ</em></strong></span> 
     </span>
    </p>
   </div>
   <div class='ocr_carea' id='block_1_4' title="bbox 562 918 1017 962">
    <p class='ocr_par' dir='ltr' id='par_1_4' title="bbox 562 918 1017 962">
     <span class='ocr_line' id='line_1_8' title="bbox 562 918 1017 962; baseline 0 -2"><span class='ocrx_word' id='word_1_56' title='bbox 562 918 824 962; x_wconf 88' lang='lat' dir='ltr'><strong>EPISTOLA</strong></span> <span class='ocrx_word' id='word_1_57' title='bbox 859 918 970 961; x_wconf 91' lang='lat' dir='ltr'><strong>CLX</strong></span> <span class='ocrx_word' id='word_1_58' title='bbox 987 918 1017 960; x_wconf 68' lang='lat'><strong>³.</strong></span> 
     </span>
    </p>
   </div>
   <div class='ocr_carea' id='block_1_5' title="bbox 379 1035 1204 1089">
    <p class='ocr_par' dir='ltr' id='par_1_5' title="bbox 379 1035 1204 1089">
     <span class='ocr_line' id='line_1_9' title="bbox 379 1035 1204 1089; baseline 0.001 -14"><span class='ocrx_word' id='word_1_59' title='bbox 379 1035 550 1075; x_wconf 83' lang='lat' dir='ltr'><strong>Evonius</strong></span> <span class='ocrx_word' id='word_1_60' title='bbox 571 1037 794 1076; x_wconf 69' lang='lat' dir='ltr'><strong>Anousmo</strong></span> <span class='ocrx_word' id='word_1_61' title='bbox 814 1037 1003 1089; x_wconf 89' lang='lat' dir='ltr'><strong>Episcopo</strong></span> <span class='ocrx_word' id='word_1_62' title='bbox 1022 1036 1204 1078; x_wconf 83' lang='lat' dir='ltr'><strong>salutem.</strong></span> 
     </span>
    </p>
   </div>
   <div class='ocr_carea' id='block_1_6' title="bbox 158 1158 1426 1270">
    <p class='ocr_par' dir='ltr' id='par_1_6' title="bbox 158 1158 1426 1270">
     <span class='ocr_line' id='line_1_10' title="bbox 158 1158 1426 1218; baseline 0 -18"><span class='ocrx_word' id='word_1_63' title='bbox 158 1158 358 1201; x_wconf 75' lang='lat' dir='ltr'><strong>Evodius</strong></span> <span class='ocrx_word' id='word_1_64' title='bbox 376 1159 653 1218; x_wconf 75' lang='lat' dir='ltr'><strong>Augustino,</strong></span> <span class='ocrx_word' id='word_1_65' title='bbox 675 1174 854 1202; x_wconf 77' lang='lat' dir='ltr'><strong>movens</strong></span> <span class='ocrx_word' id='word_1_66' title='bbox 880 1160 1157 1214; x_wconf 65' lang='lat' dir='ltr'><strong>quaestionem</strong></span> <span class='ocrx_word' id='word_1_67' title='bbox 1183 1159 1235 1201; x_wconf 74' lang='lat' dir='ltr'><strong>do</strong></span> <span class='ocrx_word' id='word_1_68' title='bbox 1255 1159 1426 1201; x_wconf 76' lang='lat' dir='ltr'><strong>ratione</strong></span> 
     </span>
     <span class='ocr_line' id='line_1_11' title="bbox 699 1228 865 1270; baseline 0.006 -1"><span class='ocrx_word' id='word_1_69' title='bbox 699 1238 737 1269; x_wconf 78' lang='lat' dir='ltr'><strong>ec</strong></span> <span class='ocrx_word' id='word_1_70' title='bbox 764 1228 865 1270; x_wconf 72' lang='lat' dir='ltr'><strong>Deo.</strong></span> 
     </span>
    </p>
   </div>
   <div class='ocr_carea' id='block_1_7' title="bbox 104 1376 1490 2416">
    <p class='ocr_par' dir='ltr' id='par_1_7' title="bbox 104 1376 1490 2416">
     <span class='ocr_line' id='line_1_12' title="bbox 169 1376 1487 1440; baseline -0.003 -16"><span class='ocrx_word' id='word_1_71' title='bbox 169 1378 205 1424; x_wconf 93' lang='lat' dir='ltr'><strong>I.</strong></span> <span class='ocrx_word' id='word_1_72' title='bbox 225 1380 454 1424; x_wconf 67' lang='lat' dir='ltr'>Pmmzcn</span> <span class='ocrx_word' id='word_1_73' title='bbox 479 1376 589 1422; x_wconf 83' lang='lat' dir='ltr'><strong>ratio</strong></span> <span class='ocrx_word' id='word_1_74' title='bbox 614 1376 686 1422; x_wconf 87' lang='lat' dir='ltr'><strong>illa</strong></span> <span class='ocrx_word' id='word_1_75' title='bbox 712 1387 789 1432; x_wconf 88' lang='lat' dir='ltr'><strong>est,</strong></span> <span class='ocrx_word' id='word_1_76' title='bbox 806 1393 907 1440; x_wconf 85' lang='lat' dir='ltr'><strong>quae</strong></span> <span class='ocrx_word' id='word_1_77' title='bbox 927 1376 1120 1422; x_wconf 89' lang='lat' dir='ltr'><strong>omnium</strong></span> <span class='ocrx_word' id='word_1_78' title='bbox 1142 1391 1284 1422; x_wconf 87' lang='lat' dir='ltr'><strong>rerum</strong></span> <span class='ocrx_word' id='word_1_79' title='bbox 1309 1384 1487 1438; x_wconf 87' lang='lat' dir='ltr'><strong>praestat</strong></span> 
     </span>
     <span class='ocr_line' id='line_1_13' title="bbox 104 1445 1488 1510; baseline -0.001 -16"><span class='ocrx_word' id='word_1_80' title='bbox 104 1448 333 1495; x_wconf 86' lang='lat' dir='ltr'><strong>seientiam</strong></span> <span class='ocrx_word' id='word_1_81' title='bbox 351 1484 362 1504; x_wconf 88' lang='lat'><strong>,</strong></span> <span class='ocrx_word' id='word_1_82' title='bbox 390 1458 431 1494; x_wconf 87' lang='lat' dir='ltr'><strong>et</strong></span> <span class='ocrx_word' id='word_1_83' title='bbox 451 1448 633 1494; x_wconf 81' lang='lat' dir='ltr'>maxime</span> <span class='ocrx_word' id='word_1_84' title='bbox 655 1459 912 1494; x_wconf 70' lang='lat' dir='ltr'><strong>aeternarum</strong></span> <span class='ocrx_word' id='word_1_85' title='bbox 939 1464 1080 1493; x_wconf 87' lang='lat' dir='ltr'><strong>rerum</strong></span> <span class='ocrx_word' id='word_1_86' title='bbox 1105 1483 1116 1503; x_wconf 93' lang='lat'><strong>,</strong></span> <span class='ocrx_word' id='word_1_87' title='bbox 1142 1463 1242 1510; x_wconf 87' lang='lat' dir='ltr'><strong>quae</strong></span> <span class='ocrx_word' id='word_1_88' title='bbox 1265 1445 1488 1492; x_wconf 87' lang='lat' dir='ltr'><strong>intellectu</strong></span> 
     </span>
     <span class='ocr_line' id='line_1_14' title="bbox 104 1517 1488 1583; baseline -0.004 -17"><span class='ocrx_word' id='word_1_89' title='bbox 104 1517 575 1583; x_wconf 77' lang='lat' dir='ltr'><strong>comprehenduntur:</strong></span> <span class='ocrx_word' id='word_1_90' title='bbox 613 1518 728 1563; x_wconf 82' lang='lat' dir='ltr'><strong>hanc</strong></span> <span class='ocrx_word' id='word_1_91' title='bbox 763 1529 969 1564; x_wconf 78' lang='lat' dir='ltr'><strong>aeternam</strong></span> <span class='ocrx_word' id='word_1_92' title='bbox 1008 1535 1123 1573; x_wconf 87' lang='lat' dir='ltr'><strong>esse,</strong></span> <span class='ocrx_word' id='word_1_93' title='bbox 1169 1527 1374 1562; x_wconf 81' lang='lat' dir='ltr'><strong>aeternam</strong></span> <span class='ocrx_word' id='word_1_94' title='bbox 1402 1533 1488 1562; x_wconf 85' lang='lat' dir='ltr'><strong>esse</strong></span> 
     </span>
     <span class='ocr_line' id='line_1_15' title="bbox 105 1587 1490 1652; baseline -0.003 -17"><span class='ocrx_word' id='word_1_95' title='bbox 105 1588 334 1643; x_wconf 88' lang='lat' dir='ltr'><strong>debuisse;</strong></span> <span class='ocrx_word' id='word_1_96' title='bbox 361 1599 571 1634; x_wconf 83' lang='lat' dir='ltr'><strong>aeternum</strong></span> <span class='ocrx_word' id='word_1_97' title='bbox 591 1588 697 1634; x_wconf 85' lang='lat' dir='ltr'><strong>illud</strong></span> <span class='ocrx_word' id='word_1_98' title='bbox 725 1606 830 1644; x_wconf 87' lang='lat' dir='ltr'><strong>esse,</strong></span> <span class='ocrx_word' id='word_1_99' title='bbox 854 1587 981 1652; x_wconf 86' lang='lat' dir='ltr'><strong>quod</strong></span> <span class='ocrx_word' id='word_1_100' title='bbox 998 1605 1077 1633; x_wconf 86' lang='lat' dir='ltr'><strong>nee</strong></span> <span class='ocrx_word' id='word_1_101' title='bbox 1099 1587 1239 1650; x_wconf 82' lang='lat' dir='ltr'><strong>eoepit</strong></span> <span class='ocrx_word' id='word_1_102' title='bbox 1255 1624 1266 1643; x_wconf 91' lang='lat'><strong>,</strong></span> <span class='ocrx_word' id='word_1_103' title='bbox 1289 1603 1365 1632; x_wconf 86' lang='lat' dir='ltr'><strong>nee</strong></span> <span class='ocrx_word' id='word_1_104' title='bbox 1391 1603 1490 1632; x_wconf 89' lang='lat' dir='ltr'><strong>mu·</strong></span> 
     </span>
     <span class='ocr_line' id='line_1_16' title="bbox 108 1657 1483 1723; baseline -0.003 -17"><span class='ocrx_word' id='word_1_105' title='bbox 108 1670 247 1716; x_wconf 86' lang='lat' dir='ltr'><strong>tatur,</strong></span> <span class='ocrx_word' id='word_1_106' title='bbox 288 1676 368 1706; x_wconf 82' lang='lat' dir='ltr'><strong>nec</strong></span> <span class='ocrx_word' id='word_1_107' title='bbox 401 1659 594 1705; x_wconf 85' lang='lat' dir='ltr'><strong>variatur</strong></span> <span class='ocrx_word' id='word_1_108' title='bbox 615 1697 624 1715; x_wconf 94' lang='lat'><strong>,</strong></span> <span class='ocrx_word' id='word_1_109' title='bbox 666 1660 758 1723; x_wconf 84' lang='lat' dir='ltr'><strong>ipsa</strong></span> <span class='ocrx_word' id='word_1_110' title='bbox 793 1659 919 1705; x_wconf 82' lang='lat' dir='ltr'><strong>docet</strong></span> <span class='ocrx_word' id='word_1_111' title='bbox 959 1669 1088 1722; x_wconf 86' lang='lat' dir='ltr'><strong>atque</strong></span> <span class='ocrx_word' id='word_1_112' title='bbox 1124 1657 1312 1703; x_wconf 80' lang='lat' dir='ltr'><strong>ostendit</strong></span> <span class='ocrx_word' id='word_1_113' title='bbox 1343 1657 1483 1703; x_wconf 88' lang='lat' dir='ltr'><strong>ratio:</strong></span> 
     </span>
     <span class='ocr_line' id='line_1_17' title="bbox 105 1726 1486 1794; baseline -0.003 -18"><span class='ocrx_word' id='word_1_114' title='bbox 105 1747 239 1794; x_wconf 83' lang='lat' dir='ltr'><strong>quam</strong></span> <span class='ocrx_word' id='word_1_115' title='bbox 278 1746 450 1776; x_wconf 86' lang='lat' dir='ltr'><strong>necesse</strong></span> <span class='ocrx_word' id='word_1_116' title='bbox 490 1741 555 1776; x_wconf 86' lang='lat' dir='ltr'><strong>est</strong></span> <span class='ocrx_word' id='word_1_117' title='bbox 592 1747 678 1775; x_wconf 86' lang='lat' dir='ltr'><strong>esse</strong></span> <span class='ocrx_word' id='word_1_118' title='bbox 710 1740 911 1775; x_wconf 85' lang='lat' dir='ltr'><strong>aeternam</strong></span> <span class='ocrx_word' id='word_1_119' title='bbox 928 1766 938 1785; x_wconf 89' lang='lat'>‚</span> <span class='ocrx_word' id='word_1_120' title='bbox 978 1746 1064 1774; x_wconf 89' lang='lat' dir='ltr'><strong>non</strong></span> <span class='ocrx_word' id='word_1_121' title='bbox 1101 1728 1244 1774; x_wconf 86' lang='lat' dir='ltr'><strong>solum</strong></span> <span class='ocrx_word' id='word_1_122' title='bbox 1279 1726 1399 1791; x_wconf 91' lang='lat' dir='ltr'><strong>quod</strong></span> <span class='ocrx_word' id='word_1_123' title='bbox 1430 1744 1486 1773; x_wconf 86' lang='lat' dir='ltr'><strong>ae-</strong></span> 
     </span>
     <span class='ocr_line' id='line_1_18' title="bbox 107 1798 1485 1862; baseline -0.003 -15"><span class='ocrx_word' id='word_1_124' title='bbox 107 1811 229 1847; x_wconf 87' lang='lat' dir='ltr'><strong>terna</strong></span> <span class='ocrx_word' id='word_1_125' title='bbox 265 1801 418 1846; x_wconf 82' lang='lat' dir='ltr'><strong>doceat</strong></span> <span class='ocrx_word' id='word_1_126' title='bbox 452 1811 494 1846; x_wconf 93' lang='lat' dir='ltr'><strong>et</strong></span> <span class='ocrx_word' id='word_1_127' title='bbox 514 1801 794 1856; x_wconf 78' lang='lat' dir='ltr'><strong>demonstret,</strong></span> <span class='ocrx_word' id='word_1_128' title='bbox 817 1800 887 1846; x_wconf 85' lang='lat' dir='ltr'><strong>sed</strong></span> <span class='ocrx_word' id='word_1_129' title='bbox 908 1799 1043 1846; x_wconf 89' lang='lat' dir='ltr'><strong>multo</strong></span> <span class='ocrx_word' id='word_1_130' title='bbox 1063 1799 1196 1859; x_wconf 85' lang='lat' dir='ltr'><strong>magis</strong></span> <span class='ocrx_word' id='word_1_131' title='bbox 1215 1836 1225 1855; x_wconf 90' lang='lat'><strong>,</strong></span> <span class='ocrx_word' id='word_1_132' title='bbox 1247 1798 1367 1862; x_wconf 91' lang='lat' dir='ltr'><strong>quod</strong></span> <span class='ocrx_word' id='word_1_133' title='bbox 1390 1798 1485 1862; x_wconf 83' lang='lat' dir='ltr'><strong>ipsa</strong></span> 
     </span>
     <span class='ocr_line' id='line_1_19' title="bbox 108 1868 1479 1935; baseline -0.004 -17"><span class='ocrx_word' id='word_1_134' title='bbox 108 1870 325 1918; x_wconf 73' lang='lat' dir='ltr'><strong>aeternitas</strong></span> <span class='ocrx_word' id='word_1_135' title='bbox 354 1888 442 1916; x_wconf 89' lang='lat' dir='ltr'><strong>non</strong></span> <span class='ocrx_word' id='word_1_136' title='bbox 475 1882 725 1935; x_wconf 79' lang='lat' dir='ltr'><strong>potestesse</strong></span> <span class='ocrx_word' id='word_1_137' title='bbox 757 1871 846 1916; x_wconf 91' lang='lat' dir='ltr'><strong>sine</strong></span> <span class='ocrx_word' id='word_1_138' title='bbox 877 1871 1053 1916; x_wconf 82' lang='lat' dir='ltr'><strong>ratione.</strong></span> <span class='ocrx_word' id='word_1_139' title='bbox 1095 1868 1231 1926; x_wconf 82' lang='lat' dir='ltr'><strong>Quia,</strong></span> <span class='ocrx_word' id='word_1_140' title='bbox 1263 1869 1479 1924; x_wconf 84' lang='lat' dir='ltr'><strong>arbitror,</strong></span> 
     </span>
     <span class='ocr_line' id='line_1_20' title="bbox 108 1938 1484 2004; baseline -0.003 -17"><span class='ocrx_word' id='word_1_141' title='bbox 108 1959 195 1988; x_wconf 91' lang='lat' dir='ltr'><strong>non</strong></span> <span class='ocrx_word' id='word_1_142' title='bbox 220 1952 326 1987; x_wconf 88' lang='lat' dir='ltr'><strong>esset</strong></span> <span class='ocrx_word' id='word_1_143' title='bbox 348 1942 564 1987; x_wconf 82' lang='lat' dir='ltr'><strong>aeternitas</strong></span> <span class='ocrx_word' id='word_1_144' title='bbox 581 1979 590 1997; x_wconf 89' lang='lat'><strong>,</strong></span> <span class='ocrx_word' id='word_1_145' title='bbox 624 1942 654 1987; x_wconf 84' lang='lat' dir='ltr'><strong>si</strong></span> <span class='ocrx_word' id='word_1_146' title='bbox 679 1941 787 1987; x_wconf 79' lang='lat' dir='ltr'><strong>ratio</strong></span> <span class='ocrx_word' id='word_1_147' title='bbox 811 1941 902 2004; x_wconf 84' lang='lat' dir='ltr'><strong>ipsa</strong></span> <span class='ocrx_word' id='word_1_148' title='bbox 923 1951 1082 1986; x_wconf 80' lang='lat' dir='ltr'><strong>aeterna</strong></span> <span class='ocrx_word' id='word_1_149' title='bbox 1102 1956 1190 1984; x_wconf 89' lang='lat' dir='ltr'><strong>non</strong></span> <span class='ocrx_word' id='word_1_150' title='bbox 1208 1938 1369 1984; x_wconf 87' lang='lat' dir='ltr'><strong>fuisset.</strong></span> <span class='ocrx_word' id='word_1_151' title='bbox 1394 1940 1484 1984; x_wconf 90' lang='lat' dir='ltr'><strong>De-</strong></span> 
     </span>
     <span class='ocr_line' id='line_1_21' title="bbox 108 2009 1475 2068; baseline -0.003 -9"><span class='ocrx_word' id='word_1_152' title='bbox 108 2012 211 2059; x_wconf 87' lang='lat' dir='ltr'><strong>inde</strong></span> <span class='ocrx_word' id='word_1_153' title='bbox 235 2013 374 2059; x_wconf 90' lang='lat' dir='ltr'><strong>Deum</strong></span> <span class='ocrx_word' id='word_1_154' title='bbox 395 2030 483 2058; x_wconf 86' lang='lat' dir='ltr'><strong>esse</strong></span> <span class='ocrx_word' id='word_1_155' title='bbox 502 2012 570 2058; x_wconf 86' lang='lat' dir='ltr'><strong>vel</strong></span> <span class='ocrx_word' id='word_1_156' title='bbox 588 2030 673 2058; x_wconf 81' lang='lat' dir='ltr'><strong>esse</strong></span> <span class='ocrx_word' id='word_1_157' title='bbox 696 2012 893 2058; x_wconf 87' lang='lat' dir='ltr'><strong>debuisse</strong></span> <span class='ocrx_word' id='word_1_158' title='bbox 911 2049 921 2068; x_wconf 87' lang='lat'><strong>,</strong></span> <span class='ocrx_word' id='word_1_159' title='bbox 945 2028 1024 2057; x_wconf 88' lang='lat' dir='ltr'><strong>nec</strong></span> <span class='ocrx_word' id='word_1_160' title='bbox 1044 2010 1165 2056; x_wconf 84' lang='lat' dir='ltr'><strong>aliter</strong></span> <span class='ocrx_word' id='word_1_161' title='bbox 1182 2010 1273 2055; x_wconf 88' lang='lat' dir='ltr'><strong>fieri</strong></span> <span class='ocrx_word' id='word_1_162' title='bbox 1290 2009 1447 2056; x_wconf 87' lang='lat' dir='ltr'><strong>debere</strong></span> <span class='ocrx_word' id='word_1_163' title='bbox 1464 2047 1475 2067; x_wconf 94' lang='lat'><strong>,</strong></span> 
     </span>
     <span class='ocr_line' id='line_1_22' title="bbox 109 2080 1480 2147; baseline -0.002 -18"><span class='ocrx_word' id='word_1_164' title='bbox 109 2100 243 2147; x_wconf 89' lang='lat' dir='ltr'><strong>quam</strong></span> <span class='ocrx_word' id='word_1_165' title='bbox 271 2093 319 2128; x_wconf 90' lang='lat' dir='ltr'><strong>ut</strong></span> <span class='ocrx_word' id='word_1_166' title='bbox 344 2084 458 2128; x_wconf 89' lang='lat' dir='ltr'><strong>Deus</strong></span> <span class='ocrx_word' id='word_1_167' title='bbox 477 2093 606 2139; x_wconf 83' lang='lat' dir='ltr'><strong>esset,</strong></span> <span class='ocrx_word' id='word_1_168' title='bbox 631 2083 740 2128; x_wconf 81' lang='lat' dir='ltr'><strong>ratio</strong></span> <span class='ocrx_word' id='word_1_169' title='bbox 769 2082 1050 2128; x_wconf 86' lang='lat' dir='ltr'><strong>demonstrat.</strong></span> <span class='ocrx_word' id='word_1_170' title='bbox 1086 2084 1201 2139; x_wconf 83' lang='lat' dir='ltr'><strong>Quae</strong></span> <span class='ocrx_word' id='word_1_171' title='bbox 1231 2080 1379 2144; x_wconf 89' lang='lat' dir='ltr'><strong>utique</strong></span> <span class='ocrx_word' id='word_1_172' title='bbox 1392 2081 1480 2126; x_wconf 88' lang='lat' dir='ltr'><strong>sive</strong></span> 
     </span>
     <span class='ocr_line' id='line_1_23' title="bbox 110 2154 1488 2218; baseline -0.002 -18"><span class='ocrx_word' id='word_1_173' title='bbox 110 2164 247 2201; x_wconf 87' lang='lat' dir='ltr'><strong>essent</strong></span> <span class='ocrx_word' id='word_1_174' title='bbox 268 2154 344 2218; x_wconf 93' lang='lat' dir='ltr'><strong>qui</strong></span> <span class='ocrx_word' id='word_1_175' title='bbox 363 2154 450 2200; x_wconf 88' lang='lat' dir='ltr'><strong>hoc</strong></span> <span class='ocrx_word' id='word_1_176' title='bbox 469 2155 627 2200; x_wconf 83' lang='lat' dir='ltr'><strong>scirent</strong></span> <span class='ocrx_word' id='word_1_177' title='bbox 643 2191 653 2207; x_wconf 86' lang='lat'>‚</span> <span class='ocrx_word' id='word_1_178' title='bbox 684 2155 770 2199; x_wconf 83' lang='lat' dir='ltr'><strong>sive</strong></span> <span class='ocrx_word' id='word_1_179' title='bbox 792 2171 876 2199; x_wconf 88' lang='lat' dir='ltr'><strong>non</strong></span> <span class='ocrx_word' id='word_1_180' title='bbox 903 2163 1057 2208; x_wconf 86' lang='lat' dir='ltr'><strong>esseut,</strong></span> <span class='ocrx_word' id='word_1_181' title='bbox 1080 2162 1223 2198; x_wconf 86' lang='lat' dir='ltr'><strong>tamen</strong></span> <span class='ocrx_word' id='word_1_182' title='bbox 1239 2168 1338 2197; x_wconf 87' lang='lat' dir='ltr'><strong>cum</strong></span> <span class='ocrx_word' id='word_1_183' title='bbox 1366 2162 1488 2198; x_wconf 84' lang='lat' dir='ltr'><strong>aeter-</strong></span> 
     </span>
     <span class='ocr_line' id='line_1_24' title="bbox 110 2222 1481 2278; baseline -0.001 -8"><span class='ocrx_word' id='word_1_184' title='bbox 110 2240 193 2271; x_wconf 92' lang='lat' dir='ltr'><strong>nus</strong></span> <span class='ocrx_word' id='word_1_185' title='bbox 208 2223 384 2270; x_wconf 88' lang='lat' dir='ltr'><strong>sitDeus</strong></span> <span class='ocrx_word' id='word_1_186' title='bbox 403 2244 413 2278; x_wconf 94' lang='lat'>;</span> <span class='ocrx_word' id='word_1_187' title='bbox 437 2223 733 2269; x_wconf 82' lang='lat' dir='ltr'><strong>dubitandum</strong></span> <span class='ocrx_word' id='word_1_188' title='bbox 749 2241 834 2269; x_wconf 90' lang='lat' dir='ltr'><strong>non</strong></span> <span class='ocrx_word' id='word_1_189' title='bbox 851 2233 1130 2269; x_wconf 84' lang='lat' dir='ltr'><strong>estaeternam</strong></span> <span class='ocrx_word' id='word_1_190' title='bbox 1148 2239 1235 2269; x_wconf 86' lang='lat' dir='ltr'><strong>esse</strong></span> <span class='ocrx_word' id='word_1_191' title='bbox 1254 2222 1481 2278; x_wconf 87' lang='lat' dir='ltr'><strong>rationem,</strong></span> 
     </span>
     <span class='ocr_line' id='line_1_25' title="bbox 112 2295 1484 2362; baseline -0.002 -18"><span class='ocrx_word' id='word_1_192' title='bbox 112 2314 214 2362; x_wconf 82' lang='lat' dir='ltr'><strong>quae</strong></span> <span class='ocrx_word' id='word_1_193' title='bbox 252 2298 394 2343; x_wconf 87' lang='lat' dir='ltr'><strong>Deum</strong></span> <span class='ocrx_word' id='word_1_194' title='bbox 417 2315 503 2343; x_wconf 87' lang='lat' dir='ltr'><strong>esse</strong></span> <span class='ocrx_word' id='word_1_195' title='bbox 528 2298 767 2361; x_wconf 86' lang='lat' dir='ltr'><strong>oportuisse</strong></span> <span class='ocrx_word' id='word_1_196' title='bbox 804 2296 1074 2351; x_wconf 88' lang='lat' dir='ltr'><strong>intenderet,</strong></span> <span class='ocrx_word' id='word_1_197' title='bbox 1113 2306 1154 2341; x_wconf 90' lang='lat' dir='ltr'><strong>et</strong></span> <span class='ocrx_word' id='word_1_198' title='bbox 1189 2296 1249 2342; x_wconf 86' lang='lat' dir='ltr'><strong>ita</strong></span> <span class='ocrx_word' id='word_1_199' title='bbox 1273 2306 1320 2342; x_wconf 91' lang='lat' dir='ltr'><strong>ut</strong></span> <span class='ocrx_word' id='word_1_200' title='bbox 1355 2295 1418 2342; x_wconf 89' lang='lat' dir='ltr'><strong>illi</strong></span> <span class='ocrx_word' id='word_1_201' title='bbox 1441 2313 1484 2342; x_wconf 90' lang='lat' dir='ltr'><strong>se</strong></span> 
     </span>
     <span class='ocr_line' id='line_1_26' title="bbox 113 2369 870 2416; baseline -0.001 -1"><span class='ocrx_word' id='word_1_202' title='bbox 113 2369 427 2416; x_wconf 81' lang='lat' dir='ltr'><strong>demonstraret</strong></span> <span class='ocrx_word' id='word_1_203' title='bbox 447 2386 533 2414; x_wconf 87' lang='lat' dir='ltr'><strong>esse</strong></span> <span class='ocrx_word' id='word_1_204' title='bbox 550 2380 830 2415; x_wconf 72' lang='lat' dir='ltr'><strong>coaeternam.</strong></span> <span class='ocrx_word' id='word_1_205' title='bbox 851 2390 870 2409; x_wconf 71' lang='lat' dir='ltr'><strong>n</strong></span> 
     </span>
    </p>
   </div>
   <div class='ocr_carea' id='block_1_8' title="bbox 179 2437 1484 2503">
    <p class='ocr_par' dir='ltr' id='par_1_8' title="bbox 179 2437 1484 2503">
     <span class='ocr_line' id='line_1_27' title="bbox 179 2437 1484 2503; baseline -0.002 -17"><span class='ocrx_word' id='word_1_206' title='bbox 179 2440 239 2486; x_wconf 90' lang='lat' dir='ltr'><strong>ll.</strong></span> <span class='ocrx_word' id='word_1_207' title='bbox 283 2460 303 2480; x_wconf 88' lang='lat'><strong><em>«</em></strong></span> <span class='ocrx_word' id='word_1_208' title='bbox 328 2440 438 2486; x_wconf 89' lang='lat' dir='ltr'><strong>Sunt</strong></span> <span class='ocrx_word' id='word_1_209' title='bbox 475 2451 616 2486; x_wconf 85' lang='lat' dir='ltr'><strong>autem</strong></span> <span class='ocrx_word' id='word_1_210' title='bbox 647 2439 849 2503; x_wconf 74' lang='lat' dir='ltr'><strong>quaedam</strong></span> <span class='ocrx_word' id='word_1_211' title='bbox 882 2454 983 2502; x_wconf 81' lang='lat' dir='ltr'><strong>quae</strong></span> <span class='ocrx_word' id='word_1_212' title='bbox 1010 2437 1174 2483; x_wconf 86' lang='lat' dir='ltr'><strong>ratione</strong></span> <span class='ocrx_word' id='word_1_213' title='bbox 1198 2448 1416 2498; x_wconf 86' lang='lat' dir='ltr'><strong>coguntur</strong></span> <span class='ocrx_word' id='word_1_214' title='bbox 1435 2449 1484 2484; x_wconf 90' lang='lat' dir='ltr'><strong>ut</strong></span> 
     </span>
    </p>
   </div>
   <div class='ocr_carea' id='block_1_9' title="bbox 116 2537 1480 2641">
    <p class='ocr_par' dir='ltr' id='par_1_9' title="bbox 116 2537 1480 2641">
     <span class='ocr_line' id='line_1_28' title="bbox 164 2537 1480 2583; baseline 0.001 -13"><span class='ocrx_word' id='word_1_215' title='bbox 164 2540 174 2562; x_wconf 85' lang='lat'><strong>¹</strong></span> <span class='ocrx_word' id='word_1_216' title='bbox 203 2538 286 2572; x_wconf 74' lang='lat' dir='ltr'><strong>Alias</strong></span> <span class='ocrx_word' id='word_1_217' title='bbox 305 2550 437 2573; x_wconf 57' lang='grc' dir='ltr'><strong>σοαπ.</strong></span> <span class='ocrx_word' id='word_1_218' title='bbox 463 2550 533 2583; x_wconf 61' lang='lat' dir='ltr'><strong>quie</strong></span> <span class='ocrx_word' id='word_1_219' title='bbox 562 2544 667 2571; x_wconf 78' lang='lat' dir='ltr'><strong>autem</strong></span> <span class='ocrx_word' id='word_1_220' title='bbox 696 2540 756 2570; x_wconf 75' lang='lat'><strong>160</strong></span> <span class='ocrx_word' id='word_1_221' title='bbox 782 2544 846 2570; x_wconf 75' lang='lat' dir='ltr'><strong>erat</strong></span> <span class='ocrx_word' id='word_1_222' title='bbox 865 2561 872 2576; x_wconf 93' lang='lat'>‚</span> <span class='ocrx_word' id='word_1_223' title='bbox 891 2548 975 2569; x_wconf 80' lang='lat' dir='ltr'><strong>nune</strong></span> <span class='ocrx_word' id='word_1_224' title='bbox 994 2538 1067 2573; x_wconf 61' lang='lat'><strong>134.</strong></span> <span class='ocrx_word' id='word_1_225' title='bbox 1092 2553 1135 2559; x_wconf 91' lang='lat'><strong>—-</strong></span> <span class='ocrx_word' id='word_1_226' title='bbox 1161 2537 1282 2580; x_wconf 61' lang='lat' dir='ltr'><strong>Seriffta</strong></span> <span class='ocrx_word' id='word_1_227' title='bbox 1300 2538 1381 2570; x_wconf 82' lang='lat' dir='ltr'><strong>circa</strong></span> <span class='ocrx_word' id='word_1_228' title='bbox 1400 2539 1480 2571; x_wconf 71' lang='lat' dir='ltr'><strong>{dem</strong></span> 
     </span>
     <span class='ocr_line' id='line_1_29' title="bbox 116 2603 252 2641; baseline 0 -11"><span class='ocrx_word' id='word_1_229' title='bbox 116 2603 252 2641; x_wconf 78' lang='lat' dir='ltr'><strong>tempus.</strong></span> 
     </span>
    </p>
   </div>
   <div class='ocr_carea' id='block_1_10' title="bbox 247 2669 1358 2716">
    <p class='ocr_par' dir='ltr' id='par_1_10' title="bbox 247 2669 1358 2716">
     <span class='ocr_line' id='line_1_30' title="bbox 247 2669 1358 2716; baseline -0.001 -15"><span class='ocrx_word' id='word_1_230' title='bbox 247 2672 408 2704; x_wconf 66' lang='lat' dir='ltr'><strong>«nvn.</strong></span> <span class='ocrx_word' id='word_1_231' title='bbox 1304 2669 1358 2716; x_wconf 83' lang='lat'><strong>19</strong></span> 
     </span>
    </p>
   </div>
  </div>
 </body>
</html>
