1799 3251
562 333 772 364 ΕΡιεῑοιΑ
807 334 991 367 eLxxxv.
1357 327 1451 388 449

84 398 129 444 Si
153 415 252 458 ergo
270 413 417 444 verum
441 396 583 444 dicere
608 397 674 443 vel
707 415 934 458 agnoscere
960 399 1160 446 volumus
1180 438 1189 456 ,
1218 412 1278 447 est
1299 420 1446 465 perse-

83 469 200 514 cutio
220 469 400 528 injusta,
432 485 564 530 quam
592 467 759 513 faciunt
781 468 906 531 impii
942 469 1147 516 Ecclesiae
1174 472 1337 517 Christi
1363 493 1373 526 ;
1409 486 1451 520 et

83 541 272 598 estjusta
290 537 546 601 persecutio,
564 554 692 601 quam
704 536 871 583 faciunt
887 539 1032 601 impiis
1045 539 1251 585 Ecclesiae
1267 541 1446 590 Christi.

83 608 170 654 Ista
192 608 338 671 itaque
369 608 495 653 beata
519 618 612 663 est,
638 624 739 671 quae
759 609 1101 670 persecutionem
1123 611 1289 672 patitur
1311 629 1455 676 prop*

84 689 147 724 ter
166 677 439 738 justitiam13
471 678 533 723 illi
558 695 658 724 vero
690 679 861 732 miseri,
894 679 970 741 qui
994 681 1335 741 persecutionem
1369 700 1454 745 pa-

85 749 253 794 tiuntur
279 759 460 812 propter
479 749 751 809 injustitiam.
775 748 964 794 Proinde
987 750 1066 794 ista
1091 752 1362 814 persequitur
1383 753 1457 798 di-

84 818 257 879 ligendo
280 856 290 875 ,
318 818 382 864 illi
414 818 644 865 saeviendo.
680 820 765 864 Ista
788 830 835 865 ut
859 820 1045 879 corrigat
1060 856 1070 875 ,
1093 819 1157 865 illi
1173 831 1221 866 ut
1240 833 1448 871 evertant.

86 891 172 935 Ista
194 900 242 935 ut
261 899 432 935 revocet
453 889 507 934 ab
532 906 674 934 errore
697 927 707 945 ,
732 889 794 935 illi
819 901 865 934 ut
888 889 1166 952 praecipitent
1184 892 1229 937 in
1251 910 1452 940 errorem.

87 960 284 1022 Denique
307 959 389 1005 ista
411 960 684 1022 persequitur
707 959 903 1005 inimicos
929 970 967 1004 et
998 961 1359 1023 comprehendit,
1381 963 1461 1009 do-

84 1046 164 1075 nec
191 1029 398 1076 deficiant
431 1029 474 1074 in
501 1029 715 1085 vanitate,
748 1039 797 1074 ut
830 1031 876 1075 in
898 1030 1075 1076 veritate
1098 1032 1332 1093 proficiant
1355 1051 1365 1078 :
1396 1033 1460 1079 illi

86 1109 230 1145 autem
251 1099 536 1145 retribuentes
558 1098 671 1144 mala
692 1116 773 1162 pro
803 1099 928 1144 nobis
949 1135 958 1148 ,
981 1100 1083 1163 quia
1111 1102 1169 1146 eis
1194 1103 1461 1149 consulimus

87 1168 142 1214 ad
165 1179 369 1215 aeternam
395 1168 574 1214 salutem
595 1205 606 1224 ,
634 1169 762 1214 etiam
789 1168 1072 1231 temporalem
1102 1171 1228 1216 nobis
1246 1184 1462 1219 conantur

87 1238 253 1285 auferre
274 1258 284 1297 3
319 1239 379 1285 sic
406 1249 598 1284 amantes
623 1239 862 1284 homicidia
881 1277 891 1293 ‚
927 1250 974 1284 ut
1003 1240 1047 1285 in
1069 1258 1111 1286 se
1131 1241 1233 1304 ipsis
1251 1260 1297 1288 ea
1325 1245 1460 1307 perfi-

87 1309 235 1365 ciant,
267 1308 444 1373 quando
484 1309 528 1354 in
572 1308 665 1354 aliis
704 1320 954 1372 perpetrare
991 1327 1076 1355 non
1110 1325 1304 1374 possunt.
1339 1314 1462 1361 Sicut

87 1380 201 1425 enim
227 1379 417 1425 charitas
433 1379 605 1425 laborat
623 1379 826 1425 Ecclesize
843 1417 852 1435 ,
881 1381 940 1425 sic
961 1397 1031 1426 eos
1051 1381 1106 1426 ab
1124 1381 1195 1428 illa
1220 1384 1462 1446 perditione

87 1448 271 1494 liberare
292 1486 302 1504 ,
338 1460 386 1494 ut
410 1466 557 1494 eorum
594 1466 720 1494 nemo
744 1450 956 1494 moriatur
984 1467 995 1494 ε
1031 1451 1091 1495 sic
1120 1468 1269 1498 eorum
1293 1453 1464 1500 laborat

86 1518 226 1576 suror,
247 1530 320 1565 aut
340 1536 416 1564 nos
433 1520 656 1574 occidere,
685 1530 734 1565 ut
758 1537 847 1565 suae
868 1519 1134 1566 crudelitatis
1159 1535 1335 1586 pascant
1352 1524 1462 1570 libi-

89 1588 252 1645 dinem,
280 1600 354 1635 aut
380 1590 507 1634 etiam
532 1607 574 1635 se
605 1590 747 1652 ipsos,
770 1606 823 1634 ne
846 1589 1084 1653 perdidisse
1098 1592 1327 1639 videantur
1350 1595 1463 1641 occi-

89 1658 330 1705 dendorum
356 1660 588 1705 hominum
610 1670 882 1722 potestatem.

153 1730 255 1776 XII.
285 1730 372 1786 Qui
394 1740 535 1774 autem
562 1730 759 1775 nesciunt
779 1730 1134 1776 consuetudinem
1158 1732 1350 1790 illorum,
1370 1752 1462 1798 pu-

90 1810 184 1845 tant
215 1817 285 1845 eos
316 1799 447 1845 modo
489 1817 530 1844 se
568 1800 684 1862 ipsos
730 1800 957 1855 occidere,
995 1801 1172 1863 quando
1214 1804 1269 1848 ab
1312 1821 1462 1851 eorum

89 1869 357 1914 insanissima
382 1868 679 1914 dominatione
705 1886 782 1932 per
804 1871 1073 1915 occasionem
1101 1871 1240 1930 legum
1261 1874 1458 1930 istarum,

88 1956 187 2002 quae
210 1956 291 2002 pro
320 1939 484 1985 unitate
515 1950 614 1984 sunt
642 1940 915 1990 constitutae,
950 1941 1055 1986 tanti
1082 1942 1236 2004 populi
1266 1944 1461 1991 liberan-

90 2019 175 2056 tur.
207 2009 295 2066 Qui
330 2020 473 2054 autem
504 2009 676 2065 sciunt,
715 2020 757 2055 et
783 2020 879 2054 ante
911 2010 1022 2073 ipsas
1045 2010 1155 2070 leges
1181 2013 1284 2075 quid
1322 2013 1460 2060 facere

89 2078 281 2136 soleant,
308 2096 396 2124 non
431 2096 576 2125 eorum
611 2080 825 2125 mirantur
859 2091 1012 2126 mortes
1033 2118 1043 2136 ‚
1079 2081 1151 2126 sed
1176 2083 1462 2131 recordantur

90 2165 228 2194 mores
253 2166 263 2193 :
291 2149 472 2194 maxime
493 2148 669 2211 quando
695 2148 842 2194 adhuc
875 2149 1016 2195 cultus
1042 2149 1182 2197 fuerat
1201 2153 1420 2200 idolorum
1445 2193 1456 2212 ,

91 2218 146 2264 ad
181 2235 449 2281 paganorum
488 2218 790 2264 celeberrimas
827 2219 1114 2265 solemnitates
1138 2221 1327 2281 ingentia
1365 2235 1459 2270 tur-

90 2289 246 2334 barum
272 2289 442 2348 agmina
467 2289 732 2344 veniebant,
761 2307 847 2334 11011
874 2300 919 2334 11[
947 2289 1063 2335 idola
1088 2289 1355 2351 frangerent,
1385 2295 1458 2340 sed

93 2368 139 2404 ut
161 2359 504 2403 interficerentur
541 2376 563 2402 a
596 2358 840 2404 cultoribus
866 2358 1098 2404 idolorum.
1140 2361 1248 2406 Nam
1284 2363 1392 2409 illud
1424 2366 1460 2409 si

91 2440 271 2492 accepta
294 2429 482 2488 legitima
508 2440 716 2491 potestate
743 2429 881 2475 facere
912 2429 1065 2475 vellent
1086 2466 1096 2487 ,
1118 2431 1151 2476 si
1176 2433 1283 2494 quid
1302 2436 1360 2479 eis
1379 2452 1456 2479 ac-

92 2498 262 2544 cidisset
280 2536 290 2553 ,
315 2508 486 2560 possent
507 2498 668 2544 habere
690 2499 1055 2562 qualemcumque
1088 2501 1290 2547 umbram
1323 2505 1461 2549 nomi-

93 2569 159 2614 nis
185 2580 423 2632 martyrum
452 2586 462 2612 :
487 2568 558 2614 sed
579 2569 632 2614 ad
654 2570 740 2615 hoc
772 2569 908 2614 solum
941 2570 1195 2627 veniebant,
1217 2583 1265 2618 ut
1288 2573 1463 2634 integris

144 2652 153 2673 ¹
173 2650 287 2683 Matth.
309 2650 417 2691 vsu).

229 2722 390 2751 (mxii.
1285 2726 1343 2773 ‘³9

1286 2747 1307 2754 -4
