<?xml version="1.0" encoding="UTF-8"?>
<!DOCTYPE html PUBLIC "-//W3C//DTD XHTML 1.0 Transitional//EN"
    "http://www.w3.org/TR/xhtml1/DTD/xhtml1-transitional.dtd">
<html xmlns="http://www.w3.org/1999/xhtml" xml:lang="en" lang="en">
 <head>
  <title>
</title>
<meta http-equiv="Content-Type" content="text/html;charset=utf-8" />
  <meta name='ocr-system' content='tesseract 3.04.00' />
  <meta name='ocr-capabilities' content='ocr_page ocr_carea ocr_par ocr_line ocrx_word'/>
</head>
<body>
  <div class='ocr_page' id='page_1' title='image "./operaomniaaccura40auguuoft/operaomniaaccura40auguuoft_0505.png"; bbox 0 0 1799 3251; ppageno 0'>
   <div class='ocr_carea' id='block_1_1' title="bbox 536 277 1456 340">
    <p class='ocr_par' dir='ltr' id='par_1_1' title="bbox 536 277 1456 340">
     <span class='ocr_line' id='line_1_1' title="bbox 536 277 1456 340; baseline 0.01 -27"><span class='ocrx_word' id='word_1_1' title='bbox 536 279 746 315; x_wconf 63' lang='lat' dir='ltr'>i&#39;zmsrom</span> <span class='ocrx_word' id='word_1_2' title='bbox 784 281 990 318; x_wconf 77' lang='lat' dir='ltr'>eLxxxvi.</span> <span class='ocrx_word' id='word_1_3' title='bbox 1364 277 1456 340; x_wconf 69' lang='lat'>[¹93</span> 
     </span>
    </p>
   </div>
   <div class='ocr_carea' id='block_1_2' title="bbox 71 349 1482 2664">
    <p class='ocr_par' dir='ltr' id='par_1_2' title="bbox 72 349 1460 1100">
     <span class='ocr_line' id='line_1_2' title="bbox 82 349 1458 413; baseline 0.006 -18"><span class='ocrx_word' id='word_1_4' title='bbox 82 359 373 413; x_wconf 87' lang='lat' dir='ltr'>peecaverunt</span> <span class='ocrx_word' id='word_1_5' title='bbox 388 368 398 405; x_wconf 82' lang='lat'>3</span> <span class='ocrx_word' id='word_1_6' title='bbox 428 349 719 394; x_wconf 82' lang='lat' dir='ltr'>misericordia</span> <span class='ocrx_word' id='word_1_7' title='bbox 753 367 800 396; x_wconf 85' lang='lat' dir='ltr'>ex</span> <span class='ocrx_word' id='word_1_8' title='bbox 825 351 896 397; x_wconf 85' lang='lat' dir='ltr'>illa</span> <span class='ocrx_word' id='word_1_9' title='bbox 922 353 971 398; x_wconf 83' lang='lat' dir='ltr'>fit</span> <span class='ocrx_word' id='word_1_10' title='bbox 994 350 1110 400; x_wconf 82' lang='lat' dir='ltr'>aliud</span> <span class='ocrx_word' id='word_1_11' title='bbox 1143 371 1217 402; x_wconf 77' lang='lat' dir='ltr'>vas</span> <span class='ocrx_word' id='word_1_12' title='bbox 1241 355 1286 401; x_wconf 89' lang='lat' dir='ltr'>in</span> <span class='ocrx_word' id='word_1_13' title='bbox 1311 356 1458 402; x_wconf 89' lang='lat' dir='ltr'>hono-</span> 
     </span>
     <span class='ocr_line' id='line_1_3' title="bbox 82 419 1457 490; baseline 0.005 -24"><span class='ocrx_word' id='word_1_14' title='bbox 82 437 198 475; x_wconf 86' lang='lat' dir='ltr'>rem,</span> <span class='ocrx_word' id='word_1_15' title='bbox 229 419 392 480; x_wconf 80' lang='lat' dir='ltr'>judicio</span> <span class='ocrx_word' id='word_1_16' title='bbox 432 431 575 466; x_wconf 84' lang='lat' dir='ltr'>autem</span> <span class='ocrx_word' id='word_1_17' title='bbox 610 420 728 465; x_wconf 79' lang='lat' dir='ltr'>aliud</span> <span class='ocrx_word' id='word_1_18' title='bbox 763 422 806 466; x_wconf 88' lang='lat' dir='ltr'>in</span> <span class='ocrx_word' id='word_1_19' title='bbox 841 424 1165 472; x_wconf 83' lang='lat' dir='ltr'>contumeliam.</span> <span class='ocrx_word' id='word_1_20' title='bbox 1210 427 1359 490; x_wconf 85' lang='lat' dir='ltr'>Neque</span> <span class='ocrx_word' id='word_1_21' title='bbox 1393 428 1457 473; x_wconf 85' lang='lat' dir='ltr'>ibi</span> 
     </span>
     <span class='ocr_line' id='line_1_4' title="bbox 81 489 1460 557; baseline 0.005 -22"><span class='ocrx_word' id='word_1_22' title='bbox 81 489 338 554; x_wconf 82' lang='lat' dir='ltr'>praecedunt</span> <span class='ocrx_word' id='word_1_23' title='bbox 353 491 502 535; x_wconf 84' lang='lat' dir='ltr'>merita</span> <span class='ocrx_word' id='word_1_24' title='bbox 524 491 702 550; x_wconf 79' lang='lat' dir='ltr'>gratiam</span> <span class='ocrx_word' id='word_1_25' title='bbox 720 490 942 538; x_wconf 69' lang='lat' dir='ltr'>liberantis</span> <span class='ocrx_word' id='word_1_26' title='bbox 961 531 970 547; x_wconf 78' lang='lat'><em>‚</em></span> <span class='ocrx_word' id='word_1_27' title='bbox 993 511 1132 557; x_wconf 86' lang='lat' dir='ltr'>neque</span> <span class='ocrx_word' id='word_1_28' title='bbox 1154 495 1229 541; x_wconf 84' lang='lat' dir='ltr'>hic</span> <span class='ocrx_word' id='word_1_29' title='bbox 1248 496 1460 556; x_wconf 83' lang='lat' dir='ltr'>effugiunt</span> 
     </span>
     <span class='ocr_line' id='line_1_5' title="bbox 81 560 1457 626; baseline 0.006 -22"><span class='ocrx_word' id='word_1_30' title='bbox 81 570 260 624; x_wconf 80' lang='lat' dir='ltr'>peccata</span> <span class='ocrx_word' id='word_1_31' title='bbox 290 560 502 619; x_wconf 83' lang='lat' dir='ltr'>justitiam</span> <span class='ocrx_word' id='word_1_32' title='bbox 541 561 772 623; x_wconf 86' lang='lat' dir='ltr'>punientis.</span> <span class='ocrx_word' id='word_1_33' title='bbox 807 562 939 618; x_wconf 83' lang='lat' dir='ltr'>Quod</span> <span class='ocrx_word' id='word_1_34' title='bbox 966 564 1142 626; x_wconf 86' lang='lat' dir='ltr'>quidem</span> <span class='ocrx_word' id='word_1_35' title='bbox 1175 565 1221 610; x_wconf 90' lang='lat' dir='ltr'>in</span> <span class='ocrx_word' id='word_1_36' title='bbox 1253 566 1457 612; x_wconf 78' lang='lat' dir='ltr'>aetatibus</span> 
     </span>
     <span class='ocr_line' id='line_1_6' title="bbox 81 630 1458 699; baseline 0.004 -23"><span class='ocrx_word' id='word_1_37' title='bbox 81 631 318 690; x_wconf 78' lang='lat' dir='ltr'>maJ&#39;oribus</span> <span class='ocrx_word' id='word_1_38' title='bbox 343 630 546 676; x_wconf 78' lang='lat' dir='ltr'>adversus</span> <span class='ocrx_word' id='word_1_39' title='bbox 580 632 867 677; x_wconf 81' lang='lat' dir='ltr'>contentiosos</span> <span class='ocrx_word' id='word_1_40' title='bbox 898 650 986 678; x_wconf 91' lang='lat' dir='ltr'>non</span> <span class='ocrx_word' id='word_1_41' title='bbox 1011 644 1098 678; x_wconf 87' lang='lat' dir='ltr'>tam</span> <span class='ocrx_word' id='word_1_42' title='bbox 1123 634 1345 681; x_wconf 85' lang='lat' dir='ltr'>evidenter</span> <span class='ocrx_word' id='word_1_43' title='bbox 1375 653 1458 699; x_wconf 81' lang='lat' dir='ltr'>ap-</span> 
     </span>
     <span class='ocr_line' id='line_1_7' title="bbox 81 701 1459 769; baseline 0.004 -24"><span class='ocrx_word' id='word_1_44' title='bbox 81 711 232 764; x_wconf 84' lang='lat' dir='ltr'>paret,</span> <span class='ocrx_word' id='word_1_45' title='bbox 256 701 332 746; x_wconf 85' lang='lat' dir='ltr'>ubi</span> <span class='ocrx_word' id='word_1_46' title='bbox 352 718 432 763; x_wconf 88' lang='lat' dir='ltr'>pro</span> <span class='ocrx_word' id='word_1_47' title='bbox 461 701 622 746; x_wconf 83' lang='lat' dir='ltr'>meritis</span> <span class='ocrx_word' id='word_1_48' title='bbox 639 701 869 747; x_wconf 86' lang='lat' dir='ltr'>hominum</span> <span class='ocrx_word' id='word_1_49' title='bbox 894 703 1206 766; x_wconf 76' lang='lat' dir='ltr'>qualicumque</span> <span class='ocrx_word' id='word_1_50' title='bbox 1221 705 1338 750; x_wconf 85' lang='lat' dir='ltr'>velut</span> <span class='ocrx_word' id='word_1_51' title='bbox 1358 723 1459 769; x_wconf 89' lang='lat' dir='ltr'>pro-</span> 
     </span>
     <span class='ocr_line' id='line_1_8' title="bbox 81 770 1456 831; baseline 0.003 -15"><span class='ocrx_word' id='word_1_52' title='bbox 81 770 184 816; x_wconf 89' lang='lat' dir='ltr'>tecti</span> <span class='ocrx_word' id='word_1_53' title='bbox 225 771 489 816; x_wconf 81' lang='lat' dir='ltr'>obscuritate</span> <span class='ocrx_word' id='word_1_54' title='bbox 537 770 795 831; x_wconf 74' lang='lat' dir='ltr'>confugiunt</span> <span class='ocrx_word' id='word_1_55' title='bbox 834 788 845 816; x_wconf 73' lang='grc' dir='ltr'>ε</span> <span class='ocrx_word' id='word_1_56' title='bbox 890 771 962 817; x_wconf 88' lang='lat' dir='ltr'>sed</span> <span class='ocrx_word' id='word_1_57' title='bbox 998 772 1095 818; x_wconf 90' lang='lat' dir='ltr'>ideo</span> <span class='ocrx_word' id='word_1_58' title='bbox 1126 784 1276 818; x_wconf 87' lang='lat' dir='ltr'>contra</span> <span class='ocrx_word' id='word_1_59' title='bbox 1307 791 1456 820; x_wconf 87' lang='lat' dir='ltr'>eorum</span> 
     </span>
     <span class='ocr_line' id='line_1_9' title="bbox 80 841 1457 906; baseline 0.004 -21"><span class='ocrx_word' id='word_1_60' title='bbox 80 841 400 887; x_wconf 85' lang='lat' dir='ltr'>contentionem</span> <span class='ocrx_word' id='word_1_61' title='bbox 415 841 509 886; x_wconf 89' lang='lat' dir='ltr'>illos</span> <span class='ocrx_word' id='word_1_62' title='bbox 525 841 695 886; x_wconf 77' lang='lat' dir='ltr'>invehit</span> <span class='ocrx_word' id='word_1_63' title='bbox 717 841 950 904; x_wconf 77' lang='lat' dir='ltr'>Apostolus</span> <span class='ocrx_word' id='word_1_64' title='bbox 969 879 979 897; x_wconf 85' lang='lat'><strong><em>‚</em></strong></span> <span class='ocrx_word' id='word_1_65' title='bbox 1012 843 1055 887; x_wconf 90' lang='lat' dir='ltr'>in</span> <span class='ocrx_word' id='word_1_66' title='bbox 1075 843 1237 906; x_wconf 84' lang='lat' dir='ltr'>quibus</span> <span class='ocrx_word' id='word_1_67' title='bbox 1258 844 1457 890; x_wconf 86' lang='lat' dir='ltr'>nondum</span> 
     </span>
     <span class='ocr_line' id='line_1_10' title="bbox 81 910 1459 977; baseline 0.004 -22"><span class='ocrx_word' id='word_1_68' title='bbox 81 910 193 956; x_wconf 83' lang='lat' dir='ltr'>natis</span> <span class='ocrx_word' id='word_1_69' title='bbox 208 948 218 967; x_wconf 85' lang='lat'>‚</span> <span class='ocrx_word' id='word_1_70' title='bbox 242 928 381 974; x_wconf 85' lang='lat' dir='ltr'>neque</span> <span class='ocrx_word' id='word_1_71' title='bbox 398 912 624 971; x_wconf 77' lang='lat' dir='ltr'>agentibus</span> <span class='ocrx_word' id='word_1_72' title='bbox 639 912 804 975; x_wconf 82' lang='lat' dir='ltr'>aliquid</span> <span class='ocrx_word' id='word_1_73' title='bbox 823 912 928 958; x_wconf 85' lang='lat' dir='ltr'>boni</span> <span class='ocrx_word' id='word_1_74' title='bbox 949 922 1020 958; x_wconf 84' lang='lat' dir='ltr'>aut</span> <span class='ocrx_word' id='word_1_75' title='bbox 1039 913 1158 969; x_wconf 80' lang='lat' dir='ltr'>mali,</span> <span class='ocrx_word' id='word_1_76' title='bbox 1182 930 1267 958; x_wconf 90' lang='lat' dir='ltr'>non</span> <span class='ocrx_word' id='word_1_77' title='bbox 1286 932 1333 960; x_wconf 82' lang='lat' dir='ltr'>ex</span> <span class='ocrx_word' id='word_1_78' title='bbox 1350 932 1459 977; x_wconf 89' lang='lat' dir='ltr'>ope-</span> 
     </span>
     <span class='ocr_line' id='line_1_11' title="bbox 72 981 1457 1041; baseline 0.002 -15"><span class='ocrx_word' id='word_1_79' title='bbox 72 981 194 1026; x_wconf 85' lang='lat' dir='ltr'>ribus</span> <span class='ocrx_word' id='word_1_80' title='bbox 226 981 297 1027; x_wconf 79' lang='lat' dir='ltr'>sed</span> <span class='ocrx_word' id='word_1_81' title='bbox 335 998 381 1026; x_wconf 84' lang='lat' dir='ltr'>ex</span> <span class='ocrx_word' id='word_1_82' title='bbox 414 992 599 1028; x_wconf 85' lang='lat' dir='ltr'>vocante</span> <span class='ocrx_word' id='word_1_83' title='bbox 630 981 801 1027; x_wconf 87' lang='lat' dir='ltr'>dictum</span> <span class='ocrx_word' id='word_1_84' title='bbox 833 993 895 1027; x_wconf 87' lang='lat' dir='ltr'>est</span> <span class='ocrx_word' id='word_1_85' title='bbox 922 1000 932 1027; x_wconf 73' lang='lat' dir='ltr'><strong><em>z</em></strong></span> <span class='ocrx_word' id='word_1_86' title='bbox 963 984 1144 1041; x_wconf 78' lang='lat' dir='ltr'>«Major</span> <span class='ocrx_word' id='word_1_87' title='bbox 1180 984 1334 1029; x_wconf 83' lang='lat' dir='ltr'>serviet</span> <span class='ocrx_word' id='word_1_88' title='bbox 1372 984 1457 1029; x_wconf 79' lang='lat' dir='ltr'>nii-</span> 
     </span>
     <span class='ocr_line' id='line_1_12' title="bbox 75 1053 278 1100; baseline 0 -2"><span class='ocrx_word' id='word_1_89' title='bbox 75 1074 96 1096; x_wconf 79' lang='lat'>»</span> <span class='ocrx_word' id='word_1_90' title='bbox 120 1053 229 1100; x_wconf 75' lang='lat' dir='ltr'>nori.</span> <span class='ocrx_word' id='word_1_91' title='bbox 258 1076 278 1095; x_wconf 84' lang='grc'>)&gt;</span> 
     </span>
    </p>

    <p class='ocr_par' dir='ltr' id='par_1_3' title="bbox 71 1123 1464 2163">
     <span class='ocr_line' id='line_1_13' title="bbox 139 1123 1456 1186; baseline 0.003 -18"><span class='ocrx_word' id='word_1_92' title='bbox 139 1123 237 1169; x_wconf 75' lang='lat' dir='ltr'>XX.</span> <span class='ocrx_word' id='word_1_93' title='bbox 269 1124 366 1179; x_wconf 84' lang='lat' dir='ltr'>Qua</span> <span class='ocrx_word' id='word_1_94' title='bbox 381 1123 424 1168; x_wconf 90' lang='lat' dir='ltr'>in</span> <span class='ocrx_word' id='word_1_95' title='bbox 444 1141 488 1168; x_wconf 88' lang='lat' dir='ltr'>re</span> <span class='ocrx_word' id='word_1_96' title='bbox 506 1124 709 1186; x_wconf 86' lang='lat' dir='ltr'>quoniam</span> <span class='ocrx_word' id='word_1_97' title='bbox 730 1124 856 1169; x_wconf 87' lang='lat' dir='ltr'>nimis</span> <span class='ocrx_word' id='word_1_98' title='bbox 880 1124 962 1170; x_wconf 86' lang='lat' dir='ltr'>alta</span> <span class='ocrx_word' id='word_1_99' title='bbox 977 1135 1018 1170; x_wconf 89' lang='lat' dir='ltr'>et</span> <span class='ocrx_word' id='word_1_100' title='bbox 1035 1126 1334 1172; x_wconf 81' lang='lat' dir='ltr'>inscrutabilia</span> <span class='ocrx_word' id='word_1_101' title='bbox 1356 1138 1456 1172; x_wconf 87' lang='lat' dir='ltr'>sunt</span> 
     </span>
     <span class='ocr_line' id='line_1_14' title="bbox 71 1192 1457 1253; baseline 0.003 -15"><span class='ocrx_word' id='word_1_102' title='bbox 71 1192 239 1253; x_wconf 84' lang='lat' dir='ltr'>judicia</span> <span class='ocrx_word' id='word_1_103' title='bbox 262 1194 371 1249; x_wconf 84' lang='lat' dir='ltr'>Dei,</span> <span class='ocrx_word' id='word_1_104' title='bbox 402 1204 444 1239; x_wconf 87' lang='lat' dir='ltr'>et</span> <span class='ocrx_word' id='word_1_105' title='bbox 480 1193 796 1253; x_wconf 80' lang='lat' dir='ltr'>investigabiles</span> <span class='ocrx_word' id='word_1_106' title='bbox 830 1195 912 1239; x_wconf 84' lang='lat' dir='ltr'>viae</span> <span class='ocrx_word' id='word_1_107' title='bbox 950 1198 1057 1253; x_wconf 77' lang='lat' dir='ltr'>ejus,</span> <span class='ocrx_word' id='word_1_108' title='bbox 1100 1195 1270 1241; x_wconf 88' lang='lat' dir='ltr'>interim</span> <span class='ocrx_word' id='word_1_109' title='bbox 1316 1206 1457 1242; x_wconf 86' lang='lat' dir='ltr'>teneat</span> 
     </span>
     <span class='ocr_line' id='line_1_15' title="bbox 78 1263 1455 1329; baseline 0.003 -21"><span class='ocrx_word' id='word_1_110' title='bbox 78 1263 214 1308; x_wconf 86' lang='lat' dir='ltr'>homo</span> <span class='ocrx_word' id='word_1_111' title='bbox 233 1280 318 1308; x_wconf 88' lang='lat' dir='ltr'>non</span> <span class='ocrx_word' id='word_1_112' title='bbox 343 1281 428 1309; x_wconf 85' lang='lat' dir='ltr'>esse</span> <span class='ocrx_word' id='word_1_113' title='bbox 443 1264 715 1327; x_wconf 87' lang='lat' dir='ltr'>iniquitatem</span> <span class='ocrx_word' id='word_1_114' title='bbox 731 1263 851 1327; x_wconf 84' lang='lat' dir='ltr'>apud</span> <span class='ocrx_word' id='word_1_115' title='bbox 873 1267 1010 1310; x_wconf 89' lang='lat' dir='ltr'>Deum</span> <span class='ocrx_word' id='word_1_116' title='bbox 1028 1283 1038 1320; x_wconf 89' lang='lat'>;</span> <span class='ocrx_word' id='word_1_117' title='bbox 1063 1264 1134 1310; x_wconf 88' lang='lat' dir='ltr'>sed</span> <span class='ocrx_word' id='word_1_118' title='bbox 1149 1281 1234 1329; x_wconf 90' lang='lat' dir='ltr'>qua</span> <span class='ocrx_word' id='word_1_119' title='bbox 1251 1266 1455 1329; x_wconf 67' lang='lat' dir='ltr'>{equitate</span> 
     </span>
     <span class='ocr_line' id='line_1_16' title="bbox 80 1334 1457 1397; baseline 0.002 -19"><span class='ocrx_word' id='word_1_120' title='bbox 80 1337 205 1394; x_wconf 86' lang='lat' dir='ltr'>cujus</span> <span class='ocrx_word' id='word_1_121' title='bbox 226 1334 319 1379; x_wconf 87' lang='lat' dir='ltr'>vult</span> <span class='ocrx_word' id='word_1_122' title='bbox 344 1335 596 1390; x_wconf 85' lang='lat' dir='ltr'>miseretur,</span> <span class='ocrx_word' id='word_1_123' title='bbox 637 1345 677 1380; x_wconf 88' lang='lat' dir='ltr'>et</span> <span class='ocrx_word' id='word_1_124' title='bbox 721 1351 848 1397; x_wconf 81' lang='lat' dir='ltr'>quem</span> <span class='ocrx_word' id='word_1_125' title='bbox 880 1335 973 1380; x_wconf 90' lang='lat' dir='ltr'>vult</span> <span class='ocrx_word' id='word_1_126' title='bbox 998 1335 1220 1391; x_wconf 83' lang='lat' dir='ltr'>obdurat,</span> <span class='ocrx_word' id='word_1_127' title='bbox 1257 1336 1327 1380; x_wconf 85' lang='lat' dir='ltr'>sed</span> <span class='ocrx_word' id='word_1_128' title='bbox 1358 1346 1457 1381; x_wconf 83' lang='lat' dir='ltr'>tan—</span> 
     </span>
     <span class='ocr_line' id='line_1_17' title="bbox 80 1404 1462 1470; baseline 0.003 -22"><span class='ocrx_word' id='word_1_129' title='bbox 80 1420 212 1465; x_wconf 83' lang='lat' dir='ltr'>quam</span> <span class='ocrx_word' id='word_1_130' title='bbox 237 1405 457 1450; x_wconf 84' lang='lat' dir='ltr'>hominem</span> <span class='ocrx_word' id='word_1_131' title='bbox 493 1405 689 1464; x_wconf 82' lang='lat' dir='ltr'>ignorare</span> <span class='ocrx_word' id='word_1_132' title='bbox 734 1404 934 1452; x_wconf 80' lang='lat' dir='ltr'>fateatur.</span> <span class='ocrx_word' id='word_1_133' title='bbox 975 1407 1040 1451; x_wconf 83' lang='lat' dir='ltr'>Ita</span> <span class='ocrx_word' id='word_1_134' title='bbox 1071 1423 1170 1451; x_wconf 84' lang='lat' dir='ltr'>sane</span> <span class='ocrx_word' id='word_1_135' title='bbox 1200 1416 1247 1451; x_wconf 92' lang='lat' dir='ltr'>ut</span> <span class='ocrx_word' id='word_1_136' title='bbox 1278 1417 1462 1470; x_wconf 83' lang='lat' dir='ltr'>propter</span> 
     </span>
     <span class='ocr_line' id='line_1_18' title="bbox 82 1473 1459 1540; baseline 0.003 -21"><span class='ocrx_word' id='word_1_137' title='bbox 82 1473 189 1519; x_wconf 89' lang='lat' dir='ltr'>illud</span> <span class='ocrx_word' id='word_1_138' title='bbox 213 1474 331 1537; x_wconf 88' lang='lat' dir='ltr'>quod</span> <span class='ocrx_word' id='word_1_139' title='bbox 353 1475 655 1520; x_wconf 86' lang='lat' dir='ltr'>inconcussum</span> <span class='ocrx_word' id='word_1_140' title='bbox 683 1486 814 1529; x_wconf 87' lang='lat' dir='ltr'>tenet,</span> <span class='ocrx_word' id='word_1_141' title='bbox 837 1492 921 1520; x_wconf 86' lang='lat' dir='ltr'>non</span> <span class='ocrx_word' id='word_1_142' title='bbox 941 1493 1025 1521; x_wconf 82' lang='lat' dir='ltr'>esse</span> <span class='ocrx_word' id='word_1_143' title='bbox 1049 1475 1321 1538; x_wconf 84' lang='lat' dir='ltr'>iniquitatem</span> <span class='ocrx_word' id='word_1_144' title='bbox 1340 1475 1459 1540; x_wconf 85' lang='lat' dir='ltr'>apud</span> 
     </span>
     <span class='ocr_line' id='line_1_19' title="bbox 85 1544 1462 1609; baseline 0.001 -19"><span class='ocrx_word' id='word_1_145' title='bbox 85 1545 225 1590; x_wconf 86' lang='lat' dir='ltr'>Deum</span> <span class='ocrx_word' id='word_1_146' title='bbox 247 1545 444 1606; x_wconf 77' lang='lat' dir='ltr'>quamvis</span> <span class='ocrx_word' id='word_1_147' title='bbox 480 1561 605 1589; x_wconf 79' lang='lat' dir='ltr'>nenio</span> <span class='ocrx_word' id='word_1_148' title='bbox 633 1545 687 1589; x_wconf 84' lang='lat' dir='ltr'>ab</span> <span class='ocrx_word' id='word_1_149' title='bbox 713 1544 787 1590; x_wconf 93' lang='lat' dir='ltr'>illo</span> <span class='ocrx_word' id='word_1_150' title='bbox 819 1545 1086 1604; x_wconf 81' lang='lat' dir='ltr'>justificetur</span> <span class='ocrx_word' id='word_1_151' title='bbox 1109 1546 1269 1591; x_wconf 85' lang='lat' dir='ltr'>meritis</span> <span class='ocrx_word' id='word_1_152' title='bbox 1292 1563 1462 1609; x_wconf 69' lang='lat' dir='ltr'>praece-</span> 
     </span>
     <span class='ocr_line' id='line_1_20' title="bbox 86 1614 1452 1672; baseline 0.001 -13"><span class='ocrx_word' id='word_1_153' title='bbox 86 1614 308 1670; x_wconf 84' lang='lat' dir='ltr'>dentibus,</span> <span class='ocrx_word' id='word_1_154' title='bbox 331 1616 544 1660; x_wconf 81' lang='lat' dir='ltr'>neminem</span> <span class='ocrx_word' id='word_1_155' title='bbox 572 1626 709 1660; x_wconf 84' lang='lat' dir='ltr'>tamen</span> <span class='ocrx_word' id='word_1_156' title='bbox 735 1615 943 1661; x_wconf 83' lang='lat' dir='ltr'>obdurari</span> <span class='ocrx_word' id='word_1_157' title='bbox 972 1616 1051 1661; x_wconf 89' lang='lat' dir='ltr'>nisi</span> <span class='ocrx_word' id='word_1_158' title='bbox 1074 1617 1243 1672; x_wconf 85' lang='lat' dir='ltr'>merito,</span> <span class='ocrx_word' id='word_1_159' title='bbox 1272 1617 1452 1663; x_wconf 78' lang='lat' dir='ltr'>noverit.</span> 
     </span>
     <span class='ocr_line' id='line_1_21' title="bbox 88 1685 1460 1750; baseline 0.001 -19"><span class='ocrx_word' id='word_1_160' title='bbox 88 1686 165 1732; x_wconf 82' lang='lat' dir='ltr'>Pie</span> <span class='ocrx_word' id='word_1_161' title='bbox 188 1702 374 1748; x_wconf 84' lang='lat' dir='ltr'>namque</span> <span class='ocrx_word' id='word_1_162' title='bbox 388 1696 429 1731; x_wconf 91' lang='lat' dir='ltr'>et</span> <span class='ocrx_word' id='word_1_163' title='bbox 450 1686 657 1731; x_wconf 75' lang='lat' dir='ltr'>veraciter</span> <span class='ocrx_word' id='word_1_164' title='bbox 676 1685 868 1731; x_wconf 82' lang='lat' dir='ltr'>creditur</span> <span class='ocrx_word' id='word_1_165' title='bbox 886 1687 1000 1731; x_wconf 79' lang='lat' dir='ltr'>Deus</span> <span class='ocrx_word' id='word_1_166' title='bbox 1014 1696 1214 1731; x_wconf 87' lang='lat' dir='ltr'>nocentes</span> <span class='ocrx_word' id='word_1_167' title='bbox 1235 1697 1362 1750; x_wconf 82' lang='lat' dir='ltr'>atque</span> <span class='ocrx_word' id='word_1_168' title='bbox 1377 1687 1460 1732; x_wconf 93' lang='lat' dir='ltr'>im-</span> 
     </span>
     <span class='ocr_line' id='line_1_22' title="bbox 88 1756 1461 1821; baseline 0.001 -21"><span class='ocrx_word' id='word_1_169' title='bbox 88 1757 185 1821; x_wconf 79' lang='lat' dir='ltr'>pios</span> <span class='ocrx_word' id='word_1_170' title='bbox 219 1756 501 1816; x_wconf 80' lang='lat' dir='ltr'>justificando</span> <span class='ocrx_word' id='word_1_171' title='bbox 528 1774 549 1802; x_wconf 83' lang='lat' dir='ltr'>a</span> <span class='ocrx_word' id='word_1_172' title='bbox 580 1757 722 1820; x_wconf 82' lang='lat' dir='ltr'>poenis</span> <span class='ocrx_word' id='word_1_173' title='bbox 748 1756 906 1802; x_wconf 86' lang='lat' dir='ltr'>debitis</span> <span class='ocrx_word' id='word_1_174' title='bbox 951 1757 1135 1801; x_wconf 79' lang='lat' dir='ltr'>liberare</span> <span class='ocrx_word' id='word_1_175' title='bbox 1161 1774 1171 1801; x_wconf 90' lang='lat'>:</span> <span class='ocrx_word' id='word_1_176' title='bbox 1200 1773 1461 1819; x_wconf 82' lang='lat' dir='ltr'>quemquam</span> 
     </span>
     <span class='ocr_line' id='line_1_23' title="bbox 89 1826 1461 1890; baseline -0.001 -17"><span class='ocrx_word' id='word_1_177' title='bbox 89 1843 192 1873; x_wconf 74' lang='lat' dir='ltr'>vero</span> <span class='ocrx_word' id='word_1_178' title='bbox 215 1826 478 1872; x_wconf 83' lang='lat' dir='ltr'>immeritum</span> <span class='ocrx_word' id='word_1_179' title='bbox 500 1827 661 1872; x_wconf 90' lang='lat' dir='ltr'>etnulli</span> <span class='ocrx_word' id='word_1_180' title='bbox 692 1827 926 1872; x_wconf 74' lang='lat' dir='ltr'>obnoxium</span> <span class='ocrx_word' id='word_1_181' title='bbox 951 1837 1130 1890; x_wconf 81' lang='lat' dir='ltr'>peccato</span> <span class='ocrx_word' id='word_1_182' title='bbox 1146 1827 1178 1871; x_wconf 85' lang='lat' dir='ltr'>si</span> <span class='ocrx_word' id='word_1_183' title='bbox 1205 1828 1319 1872; x_wconf 85' lang='lat' dir='ltr'>Deus</span> <span class='ocrx_word' id='word_1_184' title='bbox 1339 1828 1461 1872; x_wconf 85' lang='lat' dir='ltr'>dam-</span> 
     </span>
     <span class='ocr_line' id='line_1_24' title="bbox 91 1896 1462 1959; baseline 0 -17"><span class='ocrx_word' id='word_1_185' title='bbox 91 1914 193 1942; x_wconf 85' lang='lat' dir='ltr'>nare</span> <span class='ocrx_word' id='word_1_186' title='bbox 206 1896 411 1943; x_wconf 78' lang='lat' dir='ltr'>creditur.</span> <span class='ocrx_word' id='word_1_187' title='bbox 434 1897 592 1942; x_wconf 82' lang='lat' dir='ltr'>alienus</span> <span class='ocrx_word' id='word_1_188' title='bbox 611 1898 665 1942; x_wconf 80' lang='lat' dir='ltr'>ab</span> <span class='ocrx_word' id='word_1_189' title='bbox 686 1897 912 1959; x_wconf 79' lang='lat' dir='ltr'>iniquitate</span> <span class='ocrx_word' id='word_1_190' title='bbox 932 1914 1015 1942; x_wconf 86' lang='lat' dir='ltr'>non</span> <span class='ocrx_word' id='word_1_191' title='bbox 1032 1896 1238 1943; x_wconf 84' lang='lat' dir='ltr'>creditur.</span> <span class='ocrx_word' id='word_1_192' title='bbox 1261 1897 1344 1942; x_wconf 86' lang='lat' dir='ltr'>Ubi</span> <span class='ocrx_word' id='word_1_193' title='bbox 1363 1913 1462 1956; x_wconf 78' lang='lat' dir='ltr'>ergo</span> 
     </span>
     <span class='ocr_line' id='line_1_25' title="bbox 92 1965 1460 2026; baseline 0.001 -16"><span class='ocrx_word' id='word_1_194' title='bbox 92 1965 303 2011; x_wconf 83' lang='lat' dir='ltr'>liberatur</span> <span class='ocrx_word' id='word_1_195' title='bbox 323 1966 543 2026; x_wconf 38' lang='lat' dir='ltr'>indignusi</span> <span class='ocrx_word' id='word_1_196' title='bbox 575 1977 693 2011; x_wconf 86' lang='lat' dir='ltr'>tanto</span> <span class='ocrx_word' id='word_1_197' title='bbox 714 1965 898 2011; x_wconf 86' lang='lat' dir='ltr'>debetur</span> <span class='ocrx_word' id='word_1_198' title='bbox 915 1971 1051 2026; x_wconf 85' lang='lat' dir='ltr'>major</span> <span class='ocrx_word' id='word_1_199' title='bbox 1072 1966 1186 2011; x_wconf 73' lang='lat' dir='ltr'>actio</span> <span class='ocrx_word' id='word_1_200' title='bbox 1208 1966 1460 2025; x_wconf 75' lang='lat' dir='ltr'>gratiarum,</span> 
     </span>
     <span class='ocr_line' id='line_1_26' title="bbox 94 2035 1464 2098; baseline 0.002 -19"><span class='ocrx_word' id='word_1_201' title='bbox 94 2046 259 2098; x_wconf 83' lang='lat' dir='ltr'>quanto</span> <span class='ocrx_word' id='word_1_202' title='bbox 285 2035 590 2098; x_wconf 79' lang='lat' dir='ltr'>poenajustior</span> <span class='ocrx_word' id='word_1_203' title='bbox 623 2036 867 2081; x_wconf 76' lang='lat' dir='ltr'>debebatur</span> <span class='ocrx_word' id='word_1_204' title='bbox 895 2054 905 2080; x_wconf 79' lang='lat' dir='ltr'><strong><em>z</em></strong></span> <span class='ocrx_word' id='word_1_205' title='bbox 937 2037 1011 2081; x_wconf 88' lang='lat' dir='ltr'>ubi</span> <span class='ocrx_word' id='word_1_206' title='bbox 1054 2046 1196 2080; x_wconf 88' lang='lat' dir='ltr'>autem</span> <span class='ocrx_word' id='word_1_207' title='bbox 1230 2035 1464 2082; x_wconf 81' lang='lat' dir='ltr'>damnatur</span> 
     </span>
     <span class='ocr_line' id='line_1_27' title="bbox 96 2105 1261 2163; baseline -0.001 -13"><span class='ocrx_word' id='word_1_208' title='bbox 96 2105 318 2163; x_wconf 71' lang='lat' dir='ltr'>indignus,</span> <span class='ocrx_word' id='word_1_209' title='bbox 344 2124 422 2151; x_wconf 84' lang='lat' dir='ltr'>nec</span> <span class='ocrx_word' id='word_1_210' title='bbox 439 2106 729 2151; x_wconf 73' lang='lat' dir='ltr'>misericordia</span> <span class='ocrx_word' id='word_1_211' title='bbox 750 2123 827 2151; x_wconf 86' lang='lat' dir='ltr'>nee</span> <span class='ocrx_word' id='word_1_212' title='bbox 848 2107 1002 2150; x_wconf 75' lang='lat' dir='ltr'>veritas</span> <span class='ocrx_word' id='word_1_213' title='bbox 1022 2106 1261 2159; x_wconf 86' lang='lat' dir='ltr'>obtinetur,</span> 
     </span>
    </p>

    <p class='ocr_par' dir='ltr' id='par_1_4' title="bbox 98 2174 1482 2664">
     <span class='ocr_line' id='line_1_28' title="bbox 163 2174 1470 2239; baseline 0 -19"><span class='ocrx_word' id='word_1_214' title='bbox 163 2176 283 2222; x_wconf 71' lang='lat' dir='ltr'>xxi.</span> <span class='ocrx_word' id='word_1_215' title='bbox 313 2198 331 2216; x_wconf 89' lang='lat'>«</span> <span class='ocrx_word' id='word_1_216' title='bbox 360 2176 610 2232; x_wconf 73' lang='lat' dir='ltr'>Quomodo,</span> <span class='ocrx_word' id='word_1_217' title='bbox 644 2177 864 2239; x_wconf 78' lang='lat' dir='ltr'>inquiunt,</span> <span class='ocrx_word' id='word_1_218' title='bbox 900 2177 1011 2221; x_wconf 65' lang='lat' dir='ltr'>lisat‘i</span> <span class='ocrx_word' id='word_1_219' title='bbox 1040 2192 1125 2220; x_wconf 90' lang='lat' dir='ltr'>non</span> <span class='ocrx_word' id='word_1_220' title='bbox 1146 2174 1470 2220; x_wconf 79' lang='lat' dir='ltr'>damnaturin-</span> 
     </span>
     <span class='ocr_line' id='line_1_29' title="bbox 101 2244 1465 2308; baseline -0.001 -17"><span class='ocrx_word' id='word_1_221' title='bbox 101 2244 256 2305; x_wconf 81' lang='lat' dir='ltr'>dignus</span> <span class='ocrx_word' id='word_1_222' title='bbox 285 2246 316 2290; x_wconf 82' lang='lat' dir='ltr'>si</span> <span class='ocrx_word' id='word_1_223' title='bbox 357 2265 440 2291; x_wconf 83' lang='lat' dir='ltr'>non</span> <span class='ocrx_word' id='word_1_224' title='bbox 472 2264 517 2291; x_wconf 77' lang='lat' dir='ltr'>ex</span> <span class='ocrx_word' id='word_1_225' title='bbox 545 2246 768 2308; x_wconf 69' lang='lat' dir='ltr'>operibus,</span> <span class='ocrx_word' id='word_1_226' title='bbox 799 2245 870 2290; x_wconf 80' lang='lat' dir='ltr'>sed</span> <span class='ocrx_word' id='word_1_227' title='bbox 895 2263 939 2289; x_wconf 86' lang='lat' dir='ltr'>ex</span> <span class='ocrx_word' id='word_1_228' title='bbox 977 2255 1157 2290; x_wconf 77' lang='lat' dir='ltr'>vocante</span> <span class='ocrx_word' id='word_1_229' title='bbox 1187 2244 1353 2289; x_wconf 83' lang='lat' dir='ltr'>dictum</span> <span class='ocrx_word' id='word_1_230' title='bbox 1386 2255 1465 2300; x_wconf 85' lang='lat' dir='ltr'>est,</span> 
     </span>
     <span class='ocr_line' id='line_1_30' title="bbox 98 2313 1470 2378; baseline 0 -18"><span class='ocrx_word' id='word_1_231' title='bbox 98 2316 200 2378; x_wconf 83' lang='lat' dir='ltr'>quia</span> <span class='ocrx_word' id='word_1_232' title='bbox 229 2319 364 2375; x_wconf 84' lang='lat' dir='ltr'>major</span> <span class='ocrx_word' id='word_1_233' title='bbox 392 2317 544 2361; x_wconf 81' lang='lat' dir='ltr'>serviet</span> <span class='ocrx_word' id='word_1_234' title='bbox 582 2316 766 2360; x_wconf 61' lang='lat' dir='ltr'>minoris&gt;</span> <span class='ocrx_word' id='word_1_235' title='bbox 791 2315 914 2360; x_wconf 82' lang='lat' dir='ltr'>Sicut</span> <span class='ocrx_word' id='word_1_236' title='bbox 942 2315 1054 2359; x_wconf 85' lang='lat' dir='ltr'>enim</span> <span class='ocrx_word' id='word_1_237' title='bbox 1084 2313 1329 2359; x_wconf 82' lang='lat' dir='ltr'>illiusnulla</span> <span class='ocrx_word' id='word_1_238' title='bbox 1350 2330 1470 2376; x_wconf 76' lang='lat' dir='ltr'>prae-</span> 
     </span>
     <span class='ocr_line' id='line_1_31' title="bbox 104 2383 1472 2450; baseline -0.001 -18"><span class='ocrx_word' id='word_1_239' title='bbox 104 2398 315 2433; x_wconf 72' lang='lat' dir='ltr'>cesserant</span> <span class='ocrx_word' id='word_1_240' title='bbox 338 2404 468 2450; x_wconf 80' lang='lat' dir='ltr'>opera</span> <span class='ocrx_word' id='word_1_241' title='bbox 493 2387 627 2441; x_wconf 80' lang='lat' dir='ltr'>hona,</span> <span class='ocrx_word' id='word_1_242' title='bbox 656 2397 703 2431; x_wconf 88' lang='lat' dir='ltr'>ut</span> <span class='ocrx_word' id='word_1_243' title='bbox 737 2384 787 2430; x_wconf 86' lang='lat' dir='ltr'>ad</span> <span class='ocrx_word' id='word_1_244' title='bbox 816 2386 993 2444; x_wconf 77' lang='lat' dir='ltr'>gratiam</span> <span class='ocrx_word' id='word_1_245' title='bbox 1022 2385 1270 2447; x_wconf 80' lang='lat' dir='ltr'>pertineret,</span> <span class='ocrx_word' id='word_1_246' title='bbox 1299 2383 1360 2429; x_wconf 81' lang='lat' dir='ltr'>sic</span> <span class='ocrx_word' id='word_1_247' title='bbox 1395 2401 1472 2430; x_wconf 88' lang='lat' dir='ltr'>nec</span> 
     </span>
     <span class='ocr_line' id='line_1_32' title="bbox 108 2453 1475 2520; baseline -0.002 -17"><span class='ocrx_word' id='word_1_248' title='bbox 108 2457 238 2519; x_wconf 78' lang='lat' dir='ltr'>liujus</span> <span class='ocrx_word' id='word_1_249' title='bbox 260 2457 368 2503; x_wconf 79' lang='lat' dir='ltr'>mala</span> <span class='ocrx_word' id='word_1_250' title='bbox 389 2469 437 2502; x_wconf 88' lang='lat' dir='ltr'>ut</span> <span class='ocrx_word' id='word_1_251' title='bbox 457 2457 509 2502; x_wconf 79' lang='lat' dir='ltr'>ad</span> <span class='ocrx_word' id='word_1_252' title='bbox 528 2473 702 2520; x_wconf 78' lang='lat' dir='ltr'>poenam</span> <span class='ocrx_word' id='word_1_253' title='bbox 719 2456 931 2518; x_wconf 77' lang='lat' dir='ltr'>pertinere</span> <span class='ocrx_word' id='word_1_254' title='bbox 950 2455 1140 2501; x_wconf 86' lang='lat' dir='ltr'>deberet.</span> <span class='ocrx_word' id='word_1_255' title='bbox 1161 2477 1179 2496; x_wconf 88' lang='lat'>»</span> <span class='ocrx_word' id='word_1_256' title='bbox 1199 2453 1326 2499; x_wconf 80' lang='lat' dir='ltr'>Nulla</span> <span class='ocrx_word' id='word_1_257' title='bbox 1344 2453 1475 2517; x_wconf 84' lang='lat' dir='ltr'>plane</span> 
     </span>
     <span class='ocr_line' id='line_1_33' title="bbox 107 2524 1478 2592; baseline -0.003 -18"><span class='ocrx_word' id='word_1_258' title='bbox 107 2528 153 2574; x_wconf 88' lang='lat' dir='ltr'>iu</span> <span class='ocrx_word' id='word_1_259' title='bbox 182 2539 366 2592; x_wconf 84' lang='lat' dir='ltr'>utroque</span> <span class='ocrx_word' id='word_1_260' title='bbox 406 2544 535 2591; x_wconf 82' lang='lat' dir='ltr'>opera</span> <span class='ocrx_word' id='word_1_261' title='bbox 559 2526 623 2572; x_wconf 81' lang='lat' dir='ltr'>vel</span> <span class='ocrx_word' id='word_1_262' title='bbox 649 2527 764 2572; x_wconf 82' lang='lat' dir='ltr'>bona</span> <span class='ocrx_word' id='word_1_263' title='bbox 783 2525 850 2571; x_wconf 74' lang='lat' dir='ltr'>vel</span> <span class='ocrx_word' id='word_1_264' title='bbox 877 2525 1005 2579; x_wconf 79' lang='lat' dir='ltr'>mala,</span> <span class='ocrx_word' id='word_1_265' title='bbox 1034 2524 1106 2570; x_wconf 87' lang='lat' dir='ltr'>sed</span> <span class='ocrx_word' id='word_1_266' title='bbox 1122 2524 1330 2588; x_wconf 83' lang='lat' dir='ltr'>propria:</span> <span class='ocrx_word' id='word_1_267' title='bbox 1358 2534 1478 2570; x_wconf 89' lang='lat' dir='ltr'>uter-</span> 
     </span>
     <span class='ocr_line' id='line_1_34' title="bbox 109 2595 1482 2664; baseline -0.004 -19"><span class='ocrx_word' id='word_1_268' title='bbox 109 2615 194 2664; x_wconf 86' lang='lat' dir='ltr'>que</span> <span class='ocrx_word' id='word_1_269' title='bbox 213 2610 353 2646; x_wconf 83' lang='lat' dir='ltr'>autem</span> <span class='ocrx_word' id='word_1_270' title='bbox 375 2598 437 2645; x_wconf 89' lang='lat' dir='ltr'>illi</span> <span class='ocrx_word' id='word_1_271' title='bbox 463 2598 536 2644; x_wconf 91' lang='lat' dir='ltr'>uni</span> <span class='ocrx_word' id='word_1_272' title='bbox 562 2597 773 2643; x_wconf 74' lang='lat' dir='ltr'>obnoxius</span> <span class='ocrx_word' id='word_1_273' title='bbox 796 2606 901 2654; x_wconf 66' lang='lat' dir='ltr'>erat,</span> <span class='ocrx_word' id='word_1_274' title='bbox 933 2595 977 2641; x_wconf 91' lang='lat' dir='ltr'>in</span> <span class='ocrx_word' id='word_1_275' title='bbox 1017 2611 1103 2658; x_wconf 83' lang='lat' dir='ltr'>quo</span> <span class='ocrx_word' id='word_1_276' title='bbox 1147 2609 1294 2640; x_wconf 84' lang='lat' dir='ltr'>omnes</span> <span class='ocrx_word' id='word_1_277' title='bbox 1319 2610 1482 2658; x_wconf 82' lang='lat' dir='ltr'>pecca-</span> 
     </span>
    </p>
   </div>
  </div>
 </body>
</html>
