<?xml version="1.0" encoding="UTF-8"?>
<!DOCTYPE html PUBLIC "-//W3C//DTD XHTML 1.0 Transitional//EN"
    "http://www.w3.org/TR/xhtml1/DTD/xhtml1-transitional.dtd">
<html xmlns="http://www.w3.org/1999/xhtml" xml:lang="en" lang="en">
 <head>
  <title>
</title>
<meta http-equiv="Content-Type" content="text/html;charset=utf-8" />
  <meta name='ocr-system' content='tesseract 3.04.00' />
  <meta name='ocr-capabilities' content='ocr_page ocr_carea ocr_par ocr_line ocrx_word'/>
</head>
<body>
  <div class='ocr_page' id='page_1' title='image "./operaomniaaccura40auguuoft/operaomniaaccura40auguuoft_0277.png"; bbox 0 0 1799 3251; ppageno 0'>
   <div class='ocr_carea' id='block_1_1' title="bbox 581 271 1474 334">
    <p class='ocr_par' dir='ltr' id='par_1_1' title="bbox 581 271 1474 334">
     <span class='ocr_line' id='line_1_1' title="bbox 581 271 1474 334; baseline 0 -18"><span class='ocrx_word' id='word_1_1' title='bbox 581 283 790 317; x_wconf 69' lang='grc' dir='ltr'>ΕΡιετοιΑ</span> <span class='ocrx_word' id='word_1_2' title='bbox 828 285 961 316; x_wconf 78' lang='lat' dir='ltr'>chu.</span> <span class='ocrx_word' id='word_1_3' title='bbox 1382 271 1474 334; x_wconf 69' lang='lat'>267</span> 
     </span>
    </p>
   </div>
   <div class='ocr_carea' id='block_1_2' title="bbox 102 347 1495 2532">
    <p class='ocr_par' dir='ltr' id='par_1_2' title="bbox 102 347 1492 2318">
     <span class='ocr_line' id='line_1_2' title="bbox 104 347 1473 414; baseline -0.003 -14"><span class='ocrx_word' id='word_1_4' title='bbox 104 362 217 400; x_wconf 61' lang='lat' dir='ltr'>reete</span> <span class='ocrx_word' id='word_1_5' title='bbox 247 355 385 409; x_wconf 78' lang='lat' dir='ltr'>siunt,</span> <span class='ocrx_word' id='word_1_6' title='bbox 409 364 495 398; x_wconf 87' lang='lat' dir='ltr'>non</span> <span class='ocrx_word' id='word_1_7' title='bbox 524 347 615 397; x_wconf 79' lang='lat' dir='ltr'>fieri</span> <span class='ocrx_word' id='word_1_8' title='bbox 645 351 836 397; x_wconf 82' lang='lat' dir='ltr'>hominis</span> <span class='ocrx_word' id='word_1_9' title='bbox 864 351 1085 414; x_wconf 79' lang='lat' dir='ltr'>potentia,</span> <span class='ocrx_word' id='word_1_10' title='bbox 1115 350 1188 396; x_wconf 83' lang='lat' dir='ltr'>sed</span> <span class='ocrx_word' id='word_1_11' title='bbox 1214 351 1293 396; x_wconf 83' lang='lat' dir='ltr'>Dei</span> <span class='ocrx_word' id='word_1_12' title='bbox 1321 351 1473 411; x_wconf 82' lang='lat' dir='ltr'>gratia.</span> 
     </span>
     <span class='ocr_line' id='line_1_3' title="bbox 103 421 1479 486; baseline -0.002 -16"><span class='ocrx_word' id='word_1_13' title='bbox 103 425 199 470; x_wconf 87' lang='lat' dir='ltr'>Hoc</span> <span class='ocrx_word' id='word_1_14' title='bbox 220 441 319 484; x_wconf 77' lang='lat' dir='ltr'>eigo</span> <span class='ocrx_word' id='word_1_15' title='bbox 339 423 483 469; x_wconf 78' lang='lat' dir='ltr'>attend</span> <span class='ocrx_word' id='word_1_16' title='bbox 491 433 563 468; x_wconf 74' lang='lat' dir='ltr'>int</span> <span class='ocrx_word' id='word_1_17' title='bbox 581 423 678 478; x_wconf 79' lang='lat' dir='ltr'>isti,</span> <span class='ocrx_word' id='word_1_18' title='bbox 699 434 739 468; x_wconf 88' lang='lat' dir='ltr'>et</span> <span class='ocrx_word' id='word_1_19' title='bbox 764 422 797 467; x_wconf 89' lang='lat' dir='ltr'>si</span> <span class='ocrx_word' id='word_1_20' title='bbox 822 422 1147 485; x_wconf 81' lang='lat' dir='ltr'>reprehendunt</span> <span class='ocrx_word' id='word_1_21' title='bbox 1170 438 1262 467; x_wconf 89' lang='lat' dir='ltr'>eos</span> <span class='ocrx_word' id='word_1_22' title='bbox 1254 422 1357 486; x_wconf 88' lang='lat' dir='ltr'>qui</span> <span class='ocrx_word' id='word_1_23' title='bbox 1382 421 1479 481; x_wconf 81' lang='lat' dir='ltr'>glo-</span> 
     </span>
     <span class='ocr_line' id='line_1_4' title="bbox 102 492 1481 556; baseline -0.002 -16"><span class='ocrx_word' id='word_1_24' title='bbox 102 495 271 540; x_wconf 80' lang='lat' dir='ltr'>riantur</span> <span class='ocrx_word' id='word_1_25' title='bbox 293 495 335 540; x_wconf 88' lang='lat' dir='ltr'>in</span> <span class='ocrx_word' id='word_1_26' title='bbox 362 494 523 540; x_wconf 77' lang='lat' dir='ltr'>divitiis</span> <span class='ocrx_word' id='word_1_27' title='bbox 553 494 666 548; x_wconf 67' lang='lat' dir='ltr'>suiS,</span> <span class='ocrx_word' id='word_1_28' title='bbox 691 503 872 538; x_wconf 78' lang='lat' dir='ltr'>caveant</span> <span class='ocrx_word' id='word_1_29' title='bbox 896 493 980 556; x_wconf 86' lang='lat' dir='ltr'>ipsi</span> <span class='ocrx_word' id='word_1_30' title='bbox 1004 493 1046 537; x_wconf 90' lang='lat' dir='ltr'>in</span> <span class='ocrx_word' id='word_1_31' title='bbox 1073 509 1146 538; x_wconf 81' lang='lat' dir='ltr'>sua</span> <span class='ocrx_word' id='word_1_32' title='bbox 1167 492 1326 538; x_wconf 83' lang='lat' dir='ltr'>virtute</span> <span class='ocrx_word' id='word_1_33' title='bbox 1345 493 1481 538; x_wconf 81' lang='lat' dir='ltr'>confi-</span> 
     </span>
     <span class='ocr_line' id='line_1_5' title="bbox 103 562 1475 627; baseline -0.002 -16"><span class='ocrx_word' id='word_1_34' title='bbox 103 565 216 612; x_wconf 80' lang='lat' dir='ltr'>dere,</span> <span class='ocrx_word' id='word_1_35' title='bbox 258 564 398 610; x_wconf 88' lang='lat' dir='ltr'>Simul</span> <span class='ocrx_word' id='word_1_36' title='bbox 435 565 549 610; x_wconf 85' lang='lat' dir='ltr'>enim</span> <span class='ocrx_word' id='word_1_37' title='bbox 583 563 756 626; x_wconf 88' lang='lat' dir='ltr'>utrique</span> <span class='ocrx_word' id='word_1_38' title='bbox 790 563 1208 627; x_wconf 82' lang='lat' dir='ltr'>reprehenduntur</span> <span class='ocrx_word' id='word_1_39' title='bbox 1199 579 1244 608; x_wconf 81' lang='lat' dir='ltr'>ln</span> <span class='ocrx_word' id='word_1_40' title='bbox 1272 562 1475 608; x_wconf 83' lang='lat' dir='ltr'>Psalmo:</span> 
     </span>
     <span class='ocr_line' id='line_1_6' title="bbox 103 632 1481 697; baseline 0 -19"><span class='ocrx_word' id='word_1_41' title='bbox 103 657 124 678; x_wconf 76' lang='grc' dir='ltr'>α</span> <span class='ocrx_word' id='word_1_42' title='bbox 151 635 237 692; x_wconf 85' lang='lat' dir='ltr'>Qui</span> <span class='ocrx_word' id='word_1_43' title='bbox 263 635 493 681; x_wconf 83' lang='lat' dir='ltr'>confidunt</span> <span class='ocrx_word' id='word_1_44' title='bbox 521 635 565 681; x_wconf 87' lang='lat' dir='ltr'>in</span> <span class='ocrx_word' id='word_1_45' title='bbox 584 635 744 681; x_wconf 79' lang='lat' dir='ltr'>virtute</span> <span class='ocrx_word' id='word_1_46' title='bbox 763 646 865 690; x_wconf 84' lang='lat' dir='ltr'>sua,</span> <span class='ocrx_word' id='word_1_47' title='bbox 891 644 932 679; x_wconf 90' lang='lat' dir='ltr'>et</span> <span class='ocrx_word' id='word_1_48' title='bbox 949 633 1026 697; x_wconf 86' lang='lat' dir='ltr'>qui</span> <span class='ocrx_word' id='word_1_49' title='bbox 1047 635 1090 679; x_wconf 89' lang='lat' dir='ltr'>in</span> <span class='ocrx_word' id='word_1_50' title='bbox 1118 632 1388 678; x_wconf 77' lang='lat' dir='ltr'>abundantia</span> <span class='ocrx_word' id='word_1_51' title='bbox 1409 633 1481 678; x_wconf 89' lang='lat' dir='ltr'>di·-</span> 
     </span>
     <span class='ocr_line' id='line_1_7' title="bbox 105 702 1476 765; baseline -0.001 -16"><span class='ocrx_word' id='word_1_52' title='bbox 105 727 126 749; x_wconf 78' lang='lat'>»</span> <span class='ocrx_word' id='word_1_53' title='bbox 150 706 352 751; x_wconf 84' lang='lat' dir='ltr'>vitiarum</span> <span class='ocrx_word' id='word_1_54' title='bbox 369 718 545 750; x_wconf 85' lang='lat' dir='ltr'>suarum</span> <span class='ocrx_word' id='word_1_55' title='bbox 566 705 807 765; x_wconf 81' lang='lat' dir='ltr'>gloriantur</span> <span class='ocrx_word' id='word_1_56' title='bbox 822 703 857 750; x_wconf 73' lang='lat'>4.</span> <span class='ocrx_word' id='word_1_57' title='bbox 877 724 898 745; x_wconf 85' lang='lat'>»</span> <span class='ocrx_word' id='word_1_58' title='bbox 914 703 1104 749; x_wconf 80' lang='lat' dir='ltr'><strong>Audiam</strong></span> <span class='ocrx_word' id='word_1_59' title='bbox 1130 703 1274 765; x_wconf 85' lang='lat' dir='ltr'>itaque</span> <span class='ocrx_word' id='word_1_60' title='bbox 1291 702 1445 748; x_wconf 84' lang='lat' dir='ltr'>divites</span> <span class='ocrx_word' id='word_1_61' title='bbox 1465 718 1476 747; x_wconf 72' lang='grc' dir='ltr'><strong>ε</strong></span> 
     </span>
     <span class='ocr_line' id='line_1_8' title="bbox 103 769 1484 838; baseline -0.001 -19"><span class='ocrx_word' id='word_1_62' title='bbox 103 798 124 819; x_wconf 86' lang='lat'>«</span> <span class='ocrx_word' id='word_1_63' title='bbox 153 775 282 833; x_wconf 84' lang='lat' dir='ltr'>Quod</span> <span class='ocrx_word' id='word_1_64' title='bbox 307 775 565 821; x_wconf 84' lang='lat' dir='ltr'>hominibus</span> <span class='ocrx_word' id='word_1_65' title='bbox 597 774 866 838; x_wconf 85' lang='lat' dir='ltr'>impossibile</span> <span class='ocrx_word' id='word_1_66' title='bbox 894 784 979 823; x_wconf 47' lang='lat' dir='ltr'>estq</span> <span class='ocrx_word' id='word_1_67' title='bbox 1017 775 1108 819; x_wconf 83' lang='lat' dir='ltr'>Deo</span> <span class='ocrx_word' id='word_1_68' title='bbox 1136 769 1261 817; x_wconf 81' lang='lat' dir='ltr'>facile</span> <span class='ocrx_word' id='word_1_69' title='bbox 1284 782 1374 818; x_wconf 83' lang='lat' dir='ltr'>est:</span> <span class='ocrx_word' id='word_1_70' title='bbox 1398 793 1417 813; x_wconf 82' lang='grc'>»</span> <span class='ocrx_word' id='word_1_71' title='bbox 1442 783 1484 818; x_wconf 89' lang='lat' dir='ltr'>et</span> 
     </span>
     <span class='ocr_line' id='line_1_9' title="bbox 103 841 1485 907; baseline -0.004 -15"><span class='ocrx_word' id='word_1_72' title='bbox 103 847 193 892; x_wconf 84' lang='lat' dir='ltr'>sive</span> <span class='ocrx_word' id='word_1_73' title='bbox 214 856 434 891; x_wconf 81' lang='lat' dir='ltr'>manentes</span> <span class='ocrx_word' id='word_1_74' title='bbox 456 845 498 890; x_wconf 89' lang='lat' dir='ltr'>in</span> <span class='ocrx_word' id='word_1_75' title='bbox 518 844 682 891; x_wconf 86' lang='lat' dir='ltr'>divitiis</span> <span class='ocrx_word' id='word_1_76' title='bbox 701 845 807 900; x_wconf 80' lang='lat' dir='ltr'>suis,</span> <span class='ocrx_word' id='word_1_77' title='bbox 838 855 967 907; x_wconf 78' lang='lat' dir='ltr'>atque</span> <span class='ocrx_word' id='word_1_78' title='bbox 985 857 1030 888; x_wconf 82' lang='lat' dir='ltr'>ex</span> <span class='ocrx_word' id='word_1_79' title='bbox 1048 843 1108 888; x_wconf 88' lang='lat' dir='ltr'>eis</span> <span class='ocrx_word' id='word_1_80' title='bbox 1126 843 1244 888; x_wconf 80' lang='lat' dir='ltr'>bona</span> <span class='ocrx_word' id='word_1_81' title='bbox 1260 858 1391 906; x_wconf 85' lang='lat' dir='ltr'>opera</span> <span class='ocrx_word' id='word_1_82' title='bbox 1415 841 1485 888; x_wconf 83' lang='lat' dir='ltr'>fa·-</span> 
     </span>
     <span class='ocr_line' id='line_1_10' title="bbox 103 913 1486 978; baseline -0.004 -15"><span class='ocrx_word' id='word_1_83' title='bbox 103 919 263 963; x_wconf 86' lang='lat' dir='ltr'>cientes</span> <span class='ocrx_word' id='word_1_84' title='bbox 280 954 291 973; x_wconf 87' lang='lat'><strong><em>,</em></strong></span> <span class='ocrx_word' id='word_1_85' title='bbox 325 915 412 962; x_wconf 87' lang='lat' dir='ltr'>sive</span> <span class='ocrx_word' id='word_1_86' title='bbox 437 915 522 961; x_wconf 89' lang='lat' dir='ltr'>illis</span> <span class='ocrx_word' id='word_1_87' title='bbox 546 915 732 962; x_wconf 81' lang='lat' dir='ltr'>venditis</span> <span class='ocrx_word' id='word_1_88' title='bbox 751 953 761 972; x_wconf 88' lang='lat'><strong><em>‚</em></strong></span> <span class='ocrx_word' id='word_1_89' title='bbox 791 926 833 963; x_wconf 84' lang='lat' dir='ltr'>et</span> <span class='ocrx_word' id='word_1_90' title='bbox 855 933 932 978; x_wconf 88' lang='lat' dir='ltr'>per</span> <span class='ocrx_word' id='word_1_91' title='bbox 960 913 1218 974; x_wconf 78' lang='lat' dir='ltr'>indigentias</span> <span class='ocrx_word' id='word_1_92' title='bbox 1238 926 1486 976; x_wconf 81' lang='lat' dir='ltr'>pauperum</span> 
     </span>
     <span class='ocr_line' id='line_1_11' title="bbox 103 983 1488 1047; baseline -0.003 -15"><span class='ocrx_word' id='word_1_93' title='bbox 103 984 351 1033; x_wconf 80' lang='lat' dir='ltr'>distributis</span> <span class='ocrx_word' id='word_1_94' title='bbox 370 1023 380 1041; x_wconf 88' lang='lat'><strong><em>‚</em></strong></span> <span class='ocrx_word' id='word_1_95' title='bbox 407 986 570 1032; x_wconf 83' lang='lat' dir='ltr'>intrent</span> <span class='ocrx_word' id='word_1_96' title='bbox 591 987 635 1032; x_wconf 86' lang='lat' dir='ltr'>in</span> <span class='ocrx_word' id='word_1_97' title='bbox 661 1001 839 1047; x_wconf 84' lang='lat' dir='ltr'>regnum</span> <span class='ocrx_word' id='word_1_98' title='bbox 862 985 1075 1032; x_wconf 84' lang='lat' dir='ltr'>coelorum</span> <span class='ocrx_word' id='word_1_99' title='bbox 1096 1022 1107 1041; x_wconf 75' lang='grc'>,</span> <span class='ocrx_word' id='word_1_100' title='bbox 1138 985 1287 1045; x_wconf 83' lang='lat' dir='ltr'>gratiae</span> <span class='ocrx_word' id='word_1_101' title='bbox 1311 984 1391 1029; x_wconf 86' lang='lat' dir='ltr'>Dei</span> <span class='ocrx_word' id='word_1_102' title='bbox 1417 983 1488 1029; x_wconf 84' lang='lat' dir='ltr'>tri-</span> 
     </span>
     <span class='ocr_line' id='line_1_12' title="bbox 104 1054 1492 1120; baseline -0.003 -17"><span class='ocrx_word' id='word_1_103' title='bbox 104 1057 247 1103; x_wconf 78' lang='lat' dir='ltr'>buant</span> <span class='ocrx_word' id='word_1_104' title='bbox 281 1072 369 1102; x_wconf 88' lang='lat' dir='ltr'>non</span> <span class='ocrx_word' id='word_1_105' title='bbox 400 1057 590 1120; x_wconf 84' lang='lat' dir='ltr'>propriis</span> <span class='ocrx_word' id='word_1_106' title='bbox 626 1057 795 1103; x_wconf 82' lang='lat' dir='ltr'>viribus</span> <span class='ocrx_word' id='word_1_107' title='bbox 830 1057 996 1102; x_wconf 85' lang='lat' dir='ltr'>bonum</span> <span class='ocrx_word' id='word_1_108' title='bbox 1025 1070 1165 1102; x_wconf 85' lang='lat' dir='ltr'>suum.</span> <span class='ocrx_word' id='word_1_109' title='bbox 1208 1054 1340 1111; x_wconf 87' lang='lat' dir='ltr'>Quod</span> <span class='ocrx_word' id='word_1_110' title='bbox 1377 1054 1492 1100; x_wconf 90' lang='lat' dir='ltr'>enim</span> 
     </span>
     <span class='ocr_line' id='line_1_13' title="bbox 106 1123 1488 1190; baseline -0.003 -17"><span class='ocrx_word' id='word_1_111' title='bbox 106 1126 363 1173; x_wconf 86' lang='lat' dir='ltr'>hominibus</span> <span class='ocrx_word' id='word_1_112' title='bbox 383 1127 651 1190; x_wconf 84' lang='lat' dir='ltr'>impossibile</span> <span class='ocrx_word' id='word_1_113' title='bbox 675 1138 762 1184; x_wconf 85' lang='lat' dir='ltr'>est,</span> <span class='ocrx_word' id='word_1_114' title='bbox 783 1145 871 1173; x_wconf 88' lang='lat' dir='ltr'>non</span> <span class='ocrx_word' id='word_1_115' title='bbox 894 1126 1154 1172; x_wconf 87' lang='lat' dir='ltr'>hominibus</span> <span class='ocrx_word' id='word_1_116' title='bbox 1172 1162 1182 1181; x_wconf 83' lang='lat'><strong>,</strong></span> <span class='ocrx_word' id='word_1_117' title='bbox 1208 1124 1280 1170; x_wconf 82' lang='lat' dir='ltr'>scd</span> <span class='ocrx_word' id='word_1_118' title='bbox 1305 1125 1396 1170; x_wconf 86' lang='lat' dir='ltr'>Deo</span> <span class='ocrx_word' id='word_1_119' title='bbox 1419 1123 1488 1170; x_wconf 80' lang='lat' dir='ltr'>fa—</span> 
     </span>
     <span class='ocr_line' id='line_1_14' title="bbox 105 1194 1486 1257; baseline -0.003 -14"><span class='ocrx_word' id='word_1_120' title='bbox 105 1194 186 1243; x_wconf 85' lang='lat' dir='ltr'>cile</span> <span class='ocrx_word' id='word_1_121' title='bbox 203 1207 279 1243; x_wconf 90' lang='lat' dir='ltr'>est.</span> <span class='ocrx_word' id='word_1_122' title='bbox 307 1197 501 1243; x_wconf 85' lang='lat' dir='ltr'>Audiant</span> <span class='ocrx_word' id='word_1_123' title='bbox 527 1195 613 1243; x_wconf 90' lang='lat' dir='ltr'>hoc</span> <span class='ocrx_word' id='word_1_124' title='bbox 633 1198 776 1254; x_wconf 57' lang='lat' dir='ltr'>(nisti,</span> <span class='ocrx_word' id='word_1_125' title='bbox 804 1209 844 1244; x_wconf 90' lang='lat' dir='ltr'>et</span> <span class='ocrx_word' id='word_1_126' title='bbox 862 1198 895 1243; x_wconf 88' lang='lat' dir='ltr'>si</span> <span class='ocrx_word' id='word_1_127' title='bbox 914 1201 1005 1257; x_wconf 85' lang='lat' dir='ltr'>jam</span> <span class='ocrx_word' id='word_1_128' title='bbox 1034 1196 1180 1241; x_wconf 87' lang='lat' dir='ltr'>omnia</span> <span class='ocrx_word' id='word_1_129' title='bbox 1204 1212 1278 1240; x_wconf 87' lang='lat' dir='ltr'>sua</span> <span class='ocrx_word' id='word_1_130' title='bbox 1292 1195 1359 1240; x_wconf 85' lang='lat' dir='ltr'>vel</span> <span class='ocrx_word' id='word_1_131' title='bbox 1377 1210 1486 1240; x_wconf 86' lang='lat' dir='ltr'>ven—</span> 
     </span>
     <span class='ocr_line' id='line_1_15' title="bbox 107 1265 1490 1332; baseline -0.003 -18"><span class='ocrx_word' id='word_1_132' title='bbox 107 1268 314 1314; x_wconf 85' lang='lat' dir='ltr'>diderunt</span> <span class='ocrx_word' id='word_1_133' title='bbox 333 1305 343 1323; x_wconf 75' lang='grc'><em>,</em></span> <span class='ocrx_word' id='word_1_134' title='bbox 368 1279 410 1314; x_wconf 91' lang='lat' dir='ltr'>et</span> <span class='ocrx_word' id='word_1_135' title='bbox 429 1269 702 1332; x_wconf 85' lang='lat' dir='ltr'>pauperibus</span> <span class='ocrx_word' id='word_1_136' title='bbox 727 1270 1002 1324; x_wconf 80' lang='lat' dir='ltr'>tribuerunt,</span> <span class='ocrx_word' id='word_1_137' title='bbox 1029 1267 1096 1313; x_wconf 79' lang='lat' dir='ltr'>vel</span> <span class='ocrx_word' id='word_1_138' title='bbox 1122 1266 1268 1313; x_wconf 81' lang='lat' dir='ltr'>adhuc</span> <span class='ocrx_word' id='word_1_139' title='bbox 1287 1265 1331 1311; x_wconf 90' lang='lat' dir='ltr'>id</span> <span class='ocrx_word' id='word_1_140' title='bbox 1356 1275 1490 1326; x_wconf 82' lang='lat' dir='ltr'>agunt</span> 
     </span>
     <span class='ocr_line' id='line_1_16' title="bbox 107 1336 1490 1402; baseline -0.003 -19"><span class='ocrx_word' id='word_1_141' title='bbox 107 1349 238 1402; x_wconf 84' lang='lat' dir='ltr'>atque</span> <span class='ocrx_word' id='word_1_142' title='bbox 264 1336 529 1401; x_wconf 84' lang='lat' dir='ltr'>disponunt,</span> <span class='ocrx_word' id='word_1_143' title='bbox 546 1349 588 1384; x_wconf 88' lang='lat' dir='ltr'>et</span> <span class='ocrx_word' id='word_1_144' title='bbox 608 1339 695 1385; x_wconf 83' lang='lat' dir='ltr'>hoc</span> <span class='ocrx_word' id='word_1_145' title='bbox 711 1339 843 1385; x_wconf 89' lang='lat' dir='ltr'>modo</span> <span class='ocrx_word' id='word_1_146' title='bbox 865 1347 1119 1402; x_wconf 78' lang='lat' dir='ltr'>praeparant</span> <span class='ocrx_word' id='word_1_147' title='bbox 1143 1337 1302 1382; x_wconf 79' lang='lat' dir='ltr'>intrare</span> <span class='ocrx_word' id='word_1_148' title='bbox 1328 1337 1372 1380; x_wconf 92' lang='lat' dir='ltr'>in</span> <span class='ocrx_word' id='word_1_149' title='bbox 1389 1350 1490 1395; x_wconf 82' lang='lat' dir='ltr'>reg-</span> 
     </span>
     <span class='ocr_line' id='line_1_17' title="bbox 107 1405 1486 1465; baseline -0.002 -12"><span class='ocrx_word' id='word_1_150' title='bbox 107 1422 210 1454; x_wconf 89' lang='lat' dir='ltr'>num</span> <span class='ocrx_word' id='word_1_151' title='bbox 237 1407 451 1454; x_wconf 86' lang='lat' dir='ltr'>coelorum</span> <span class='ocrx_word' id='word_1_152' title='bbox 469 1446 479 1465; x_wconf 85' lang='lat'><strong>,</strong></span> <span class='ocrx_word' id='word_1_153' title='bbox 508 1426 596 1454; x_wconf 90' lang='lat' dir='ltr'>non</span> <span class='ocrx_word' id='word_1_154' title='bbox 624 1409 712 1456; x_wconf 89' lang='lat' dir='ltr'>hoc</span> <span class='ocrx_word' id='word_1_155' title='bbox 729 1410 928 1455; x_wconf 78' lang='lat' dir='ltr'>tribuant</span> <span class='ocrx_word' id='word_1_156' title='bbox 949 1408 1099 1454; x_wconf 84' lang='lat' dir='ltr'>virtuti</span> <span class='ocrx_word' id='word_1_157' title='bbox 1117 1423 1206 1453; x_wconf 84' lang='lat' dir='ltr'>suae</span> <span class='ocrx_word' id='word_1_158' title='bbox 1226 1443 1235 1461; x_wconf 76' lang='grc'><em>,</em></span> <span class='ocrx_word' id='word_1_159' title='bbox 1258 1406 1330 1451; x_wconf 70' lang='lat' dir='ltr'>sed</span> <span class='ocrx_word' id='word_1_160' title='bbox 1348 1405 1486 1451; x_wconf 86' lang='lat' dir='ltr'>eidem</span> 
     </span>
     <span class='ocr_line' id='line_1_18' title="bbox 107 1476 1489 1542; baseline -0.003 -18"><span class='ocrx_word' id='word_1_161' title='bbox 107 1479 256 1539; x_wconf 82' lang='lat' dir='ltr'>gratiae</span> <span class='ocrx_word' id='word_1_162' title='bbox 271 1478 446 1526; x_wconf 84' lang='lat' dir='ltr'>divinae.</span> <span class='ocrx_word' id='word_1_163' title='bbox 471 1479 603 1535; x_wconf 88' lang='lat' dir='ltr'>Quod</span> <span class='ocrx_word' id='word_1_164' title='bbox 618 1480 731 1526; x_wconf 88' lang='lat' dir='ltr'>enim</span> <span class='ocrx_word' id='word_1_165' title='bbox 750 1480 1005 1526; x_wconf 86' lang='lat' dir='ltr'>hominibus</span> <span class='ocrx_word' id='word_1_166' title='bbox 1022 1476 1289 1542; x_wconf 84' lang='lat' dir='ltr'>impossibile</span> <span class='ocrx_word' id='word_1_167' title='bbox 1305 1487 1383 1533; x_wconf 81' lang='lat' dir='ltr'>est,</span> <span class='ocrx_word' id='word_1_168' title='bbox 1401 1492 1489 1521; x_wconf 90' lang='lat' dir='ltr'>non</span> 
     </span>
     <span class='ocr_line' id='line_1_19' title="bbox 107 1547 1485 1614; baseline -0.001 -20"><span class='ocrx_word' id='word_1_169' title='bbox 107 1549 232 1613; x_wconf 88' lang='lat' dir='ltr'>ipsis,</span> <span class='ocrx_word' id='word_1_170' title='bbox 256 1550 357 1613; x_wconf 79' lang='lat' dir='ltr'>quia</span> <span class='ocrx_word' id='word_1_171' title='bbox 376 1560 418 1595; x_wconf 84' lang='lat' dir='ltr'>et</span> <span class='ocrx_word' id='word_1_172' title='bbox 443 1550 526 1614; x_wconf 87' lang='lat' dir='ltr'>ipsi</span> <span class='ocrx_word' id='word_1_173' title='bbox 547 1551 744 1597; x_wconf 89' lang='lat' dir='ltr'>homines</span> <span class='ocrx_word' id='word_1_174' title='bbox 764 1562 889 1607; x_wconf 87' lang='lat' dir='ltr'>sunt,</span> <span class='ocrx_word' id='word_1_175' title='bbox 925 1550 997 1596; x_wconf 89' lang='lat' dir='ltr'>sed</span> <span class='ocrx_word' id='word_1_176' title='bbox 1020 1551 1111 1595; x_wconf 88' lang='lat' dir='ltr'>Deo</span> <span class='ocrx_word' id='word_1_177' title='bbox 1133 1548 1260 1594; x_wconf 80' lang='lat' dir='ltr'>facile</span> <span class='ocrx_word' id='word_1_178' title='bbox 1285 1557 1361 1595; x_wconf 89' lang='lat' dir='ltr'>est.</span> <span class='ocrx_word' id='word_1_179' title='bbox 1389 1547 1485 1592; x_wconf 90' lang='lat' dir='ltr'>Hoc</span> 
     </span>
     <span class='ocr_line' id='line_1_20' title="bbox 108 1620 1486 1685; baseline -0.001 -20"><span class='ocrx_word' id='word_1_180' title='bbox 108 1621 274 1684; x_wconf 82' lang='lat' dir='ltr'>quippe</span> <span class='ocrx_word' id='word_1_181' title='bbox 291 1620 375 1666; x_wconf 84' lang='lat' dir='ltr'>illis</span> <span class='ocrx_word' id='word_1_182' title='bbox 397 1631 439 1666; x_wconf 86' lang='lat' dir='ltr'>et</span> <span class='ocrx_word' id='word_1_183' title='bbox 462 1622 693 1685; x_wconf 85' lang='lat' dir='ltr'>Apostolus</span> <span class='ocrx_word' id='word_1_184' title='bbox 712 1623 820 1669; x_wconf 84' lang='lat' dir='ltr'>dicit</span> <span class='ocrx_word' id='word_1_185' title='bbox 839 1640 850 1669; x_wconf 71' lang='grc' dir='ltr'><strong>ι</strong></span> <span class='ocrx_word' id='word_1_186' title='bbox 873 1643 892 1663; x_wconf 74' lang='grc' dir='ltr'>α</span> <span class='ocrx_word' id='word_1_187' title='bbox 913 1622 1026 1668; x_wconf 89' lang='lat' dir='ltr'>Cum</span> <span class='ocrx_word' id='word_1_188' title='bbox 1049 1621 1203 1666; x_wconf 88' lang='lat' dir='ltr'>timore</span> <span class='ocrx_word' id='word_1_189' title='bbox 1231 1629 1273 1664; x_wconf 87' lang='lat' dir='ltr'>et</span> <span class='ocrx_word' id='word_1_190' title='bbox 1302 1629 1486 1664; x_wconf 79' lang='lat' dir='ltr'>tremore</span> 
     </span>
     <span class='ocr_line' id='line_1_21' title="bbox 108 1690 1481 1757; baseline -0.001 -22"><span class='ocrx_word' id='word_1_191' title='bbox 108 1712 130 1733; x_wconf 65' lang='grc' dir='ltr'>π</span> <span class='ocrx_word' id='word_1_192' title='bbox 153 1701 336 1737; x_wconf 81' lang='lat' dir='ltr'>vestram</span> <span class='ocrx_word' id='word_1_193' title='bbox 372 1692 567 1755; x_wconf 84' lang='lat' dir='ltr'>ipsorum</span> <span class='ocrx_word' id='word_1_194' title='bbox 606 1693 785 1740; x_wconf 78' lang='lat' dir='ltr'>salutem</span> <span class='ocrx_word' id='word_1_195' title='bbox 820 1692 1073 1757; x_wconf 82' lang='lat' dir='ltr'>operamini.</span> <span class='ocrx_word' id='word_1_196' title='bbox 1105 1693 1223 1736; x_wconf 87' lang='lat' dir='ltr'>Deus</span> <span class='ocrx_word' id='word_1_197' title='bbox 1247 1690 1361 1735; x_wconf 90' lang='lat' dir='ltr'>enirn</span> <span class='ocrx_word' id='word_1_198' title='bbox 1394 1699 1481 1743; x_wconf 80' lang='lat' dir='ltr'>est,</span> 
     </span>
     <span class='ocr_line' id='line_1_22' title="bbox 111 1761 1485 1826; baseline -0.002 -19"><span class='ocrx_word' id='word_1_199' title='bbox 111 1782 132 1803; x_wconf 71' lang='lat'>&gt;³</span> <span class='ocrx_word' id='word_1_200' title='bbox 154 1762 231 1825; x_wconf 90' lang='lat' dir='ltr'>qui</span> <span class='ocrx_word' id='word_1_201' title='bbox 256 1773 461 1825; x_wconf 80' lang='lat' dir='ltr'>operatur</span> <span class='ocrx_word' id='word_1_202' title='bbox 488 1764 532 1808; x_wconf 90' lang='lat' dir='ltr'>in</span> <span class='ocrx_word' id='word_1_203' title='bbox 560 1765 684 1810; x_wconf 87' lang='lat' dir='ltr'>vobis</span> <span class='ocrx_word' id='word_1_204' title='bbox 706 1776 748 1811; x_wconf 87' lang='lat' dir='ltr'>et</span> <span class='ocrx_word' id='word_1_205' title='bbox 766 1765 873 1810; x_wconf 86' lang='lat' dir='ltr'>velle</span> <span class='ocrx_word' id='word_1_206' title='bbox 901 1773 942 1809; x_wconf 86' lang='lat' dir='ltr'>et</span> <span class='ocrx_word' id='word_1_207' title='bbox 965 1762 1134 1826; x_wconf 84' lang='lat' dir='ltr'>operari</span> <span class='ocrx_word' id='word_1_208' title='bbox 1164 1776 1246 1824; x_wconf 88' lang='lat' dir='ltr'>pro</span> <span class='ocrx_word' id='word_1_209' title='bbox 1269 1761 1385 1806; x_wconf 82' lang='lat' dir='ltr'>bona</span> <span class='ocrx_word' id='word_1_210' title='bbox 1411 1773 1485 1805; x_wconf 85' lang='lat' dir='ltr'>vo·</span> 
     </span>
     <span class='ocr_line' id='line_1_23' title="bbox 112 1827 1486 1881; baseline -0.001 -4"><span class='ocrx_word' id='word_1_211' title='bbox 112 1853 133 1873; x_wconf 84' lang='lat'>›&gt;</span> <span class='ocrx_word' id='word_1_212' title='bbox 156 1829 366 1879; x_wconf 75' lang='lat' dir='ltr'>luntate2.</span> <span class='ocrx_word' id='word_1_213' title='bbox 394 1854 414 1874; x_wconf 77' lang='lat' dir='ltr'>n</span> <span class='ocrx_word' id='word_1_214' title='bbox 437 1833 563 1879; x_wconf 88' lang='lat' dir='ltr'>Certe</span> <span class='ocrx_word' id='word_1_215' title='bbox 577 1834 673 1880; x_wconf 87' lang='lat' dir='ltr'>ideo</span> <span class='ocrx_word' id='word_1_216' title='bbox 691 1852 732 1881; x_wconf 91' lang='lat' dir='ltr'>se</span> <span class='ocrx_word' id='word_1_217' title='bbox 756 1834 910 1880; x_wconf 87' lang='lat' dir='ltr'>dicunt</span> <span class='ocrx_word' id='word_1_218' title='bbox 928 1834 981 1879; x_wconf 90' lang='lat' dir='ltr'>de</span> <span class='ocrx_word' id='word_1_219' title='bbox 995 1833 1079 1878; x_wconf 88' lang='lat' dir='ltr'>suis</span> <span class='ocrx_word' id='word_1_220' title='bbox 1101 1833 1229 1878; x_wconf 81' lang='lat' dir='ltr'>rebus</span> <span class='ocrx_word' id='word_1_221' title='bbox 1247 1827 1486 1877; x_wconf 83' lang='lat' dir='ltr'>vendendis</span> 
     </span>
     <span class='ocr_line' id='line_1_24' title="bbox 111 1901 1485 1968; baseline -0.001 -20"><span class='ocrx_word' id='word_1_222' title='bbox 111 1901 385 1966; x_wconf 85' lang='lat' dir='ltr'>perfectionis</span> <span class='ocrx_word' id='word_1_223' title='bbox 407 1921 430 1948; x_wconf 86' lang='lat' dir='ltr'>a</span> <span class='ocrx_word' id='word_1_224' title='bbox 453 1904 642 1950; x_wconf 86' lang='lat' dir='ltr'>Domino</span> <span class='ocrx_word' id='word_1_225' title='bbox 662 1906 897 1968; x_wconf 82' lang='lat' dir='ltr'>suscepisse</span> <span class='ocrx_word' id='word_1_226' title='bbox 919 1903 1148 1950; x_wconf 87' lang='lat' dir='ltr'>consilium</span> <span class='ocrx_word' id='word_1_227' title='bbox 1177 1911 1226 1948; x_wconf 87' lang='lat' dir='ltr'>ut</span> <span class='ocrx_word' id='word_1_228' title='bbox 1249 1911 1485 1964; x_wconf 84' lang='lat' dir='ltr'>sequantur</span> 
     </span>
     <span class='ocr_line' id='line_1_25' title="bbox 113 1973 1489 2038; baseline -0.001 -20"><span class='ocrx_word' id='word_1_229' title='bbox 113 1973 349 2019; x_wconf 89' lang='lat' dir='ltr'>Dominum</span> <span class='ocrx_word' id='word_1_230' title='bbox 366 2010 376 2029; x_wconf 86' lang='lat'><strong><em>‚</em></strong></span> <span class='ocrx_word' id='word_1_231' title='bbox 398 1976 607 2038; x_wconf 86' lang='lat' dir='ltr'>quoniam</span> <span class='ocrx_word' id='word_1_232' title='bbox 623 1976 714 2022; x_wconf 81' lang='lat' dir='ltr'>illic</span> <span class='ocrx_word' id='word_1_233' title='bbox 739 1975 938 2022; x_wconf 85' lang='lat' dir='ltr'>additum</span> <span class='ocrx_word' id='word_1_234' title='bbox 959 1985 1019 2020; x_wconf 87' lang='lat' dir='ltr'>est</span> <span class='ocrx_word' id='word_1_235' title='bbox 1046 1992 1056 2019; x_wconf 74' lang='grc' dir='ltr'>ε</span> <span class='ocrx_word' id='word_1_236' title='bbox 1080 1996 1099 2015; x_wconf 77' lang='grc' dir='ltr'>α</span> <span class='ocrx_word' id='word_1_237' title='bbox 1120 1975 1175 2020; x_wconf 87' lang='lat' dir='ltr'>Et</span> <span class='ocrx_word' id='word_1_238' title='bbox 1196 1973 1295 2019; x_wconf 86' lang='lat' dir='ltr'>veni</span> <span class='ocrx_word' id='word_1_239' title='bbox 1314 1987 1489 2035; x_wconf 88' lang='lat' dir='ltr'>sequere</span> 
     </span>
     <span class='ocr_line' id='line_1_26' title="bbox 114 2042 1487 2109; baseline -0.002 -20"><span class='ocrx_word' id='word_1_240' title='bbox 114 2066 134 2087; x_wconf 70' lang='lat' dir='ltr'>n</span> <span class='ocrx_word' id='word_1_241' title='bbox 160 2061 228 2089; x_wconf 89' lang='lat' dir='ltr'>me</span> <span class='ocrx_word' id='word_1_242' title='bbox 244 2043 277 2090; x_wconf 75' lang='lat'>3.</span> <span class='ocrx_word' id='word_1_243' title='bbox 304 2065 324 2085; x_wconf 87' lang='lat'>›&gt;</span> <span class='ocrx_word' id='word_1_244' title='bbox 347 2045 438 2091; x_wconf 81' lang='lat' dir='ltr'>Cur</span> <span class='ocrx_word' id='word_1_245' title='bbox 462 2062 561 2106; x_wconf 85' lang='lat' dir='ltr'>ergo</span> <span class='ocrx_word' id='word_1_246' title='bbox 589 2048 635 2092; x_wconf 91' lang='lat' dir='ltr'>in</span> <span class='ocrx_word' id='word_1_247' title='bbox 657 2047 707 2092; x_wconf 91' lang='lat' dir='ltr'>iis</span> <span class='ocrx_word' id='word_1_248' title='bbox 725 2047 850 2092; x_wconf 83' lang='lat' dir='ltr'>honis</span> <span class='ocrx_word' id='word_1_249' title='bbox 872 2062 972 2109; x_wconf 80' lang='lat' dir='ltr'>quae</span> <span class='ocrx_word' id='word_1_250' title='bbox 994 2044 1190 2099; x_wconf 80' lang='lat' dir='ltr'>faciunt,</span> <span class='ocrx_word' id='word_1_251' title='bbox 1218 2042 1272 2088; x_wconf 89' lang='lat' dir='ltr'>de</span> <span class='ocrx_word' id='word_1_252' title='bbox 1295 2058 1370 2088; x_wconf 83' lang='lat' dir='ltr'>sua</span> <span class='ocrx_word' id='word_1_253' title='bbox 1390 2052 1487 2087; x_wconf 82' lang='lat' dir='ltr'>tan-</span> 
     </span>
     <span class='ocr_line' id='line_1_27' title="bbox 113 2114 1487 2179; baseline -0.001 -20"><span class='ocrx_word' id='word_1_254' title='bbox 113 2125 207 2160; x_wconf 88' lang='lat' dir='ltr'>tum</span> <span class='ocrx_word' id='word_1_255' title='bbox 224 2114 448 2161; x_wconf 83' lang='lat' dir='ltr'>voluntate</span> <span class='ocrx_word' id='word_1_256' title='bbox 463 2128 754 2179; x_wconf 72' lang='lat' dir='ltr'>praesumunt,</span> <span class='ocrx_word' id='word_1_257' title='bbox 773 2132 853 2162; x_wconf 90' lang='lat' dir='ltr'>nec</span> <span class='ocrx_word' id='word_1_258' title='bbox 873 2115 1057 2161; x_wconf 81' lang='lat' dir='ltr'>audiunt</span> <span class='ocrx_word' id='word_1_259' title='bbox 1072 2115 1310 2160; x_wconf 88' lang='lat' dir='ltr'>Dominum</span> <span class='ocrx_word' id='word_1_260' title='bbox 1327 2149 1337 2167; x_wconf 76' lang='lat'><strong><em>‚</em></strong></span> <span class='ocrx_word' id='word_1_261' title='bbox 1355 2127 1487 2175; x_wconf 90' lang='lat' dir='ltr'>quem</span> 
     </span>
     <span class='ocr_line' id='line_1_28' title="bbox 114 2182 1491 2251; baseline 0.001 -22"><span class='ocrx_word' id='word_1_262' title='bbox 114 2184 232 2248; x_wconf 88' lang='lat' dir='ltr'>sequi</span> <span class='ocrx_word' id='word_1_263' title='bbox 258 2201 300 2230; x_wconf 81' lang='lat' dir='ltr'>se</span> <span class='ocrx_word' id='word_1_264' title='bbox 319 2183 495 2243; x_wconf 83' lang='lat' dir='ltr'>dicunt,</span> <span class='ocrx_word' id='word_1_265' title='bbox 523 2187 821 2251; x_wconf 84' lang='lat' dir='ltr'>increpantem</span> <span class='ocrx_word' id='word_1_266' title='bbox 844 2197 971 2250; x_wconf 78' lang='lat' dir='ltr'>atque</span> <span class='ocrx_word' id='word_1_267' title='bbox 990 2195 1231 2231; x_wconf 83' lang='lat' dir='ltr'>testantem.</span> <span class='ocrx_word' id='word_1_268' title='bbox 1259 2204 1278 2225; x_wconf 84' lang='lat'>«</span> <span class='ocrx_word' id='word_1_269' title='bbox 1299 2182 1399 2228; x_wconf 84' lang='lat' dir='ltr'>Sine</span> <span class='ocrx_word' id='word_1_270' title='bbox 1422 2197 1491 2228; x_wconf 85' lang='lat' dir='ltr'>me</span> 
     </span>
     <span class='ocr_line' id='line_1_29' title="bbox 115 2254 742 2318; baseline 0.01 -20"><span class='ocrx_word' id='word_1_271' title='bbox 115 2276 137 2297; x_wconf 69' lang='lat' dir='ltr'>n</span> <span class='ocrx_word' id='word_1_272' title='bbox 160 2254 273 2300; x_wconf 89' lang='lat' dir='ltr'>nihil</span> <span class='ocrx_word' id='word_1_273' title='bbox 297 2257 477 2318; x_wconf 85' lang='lat' dir='ltr'>potestis</span> <span class='ocrx_word' id='word_1_274' title='bbox 499 2256 638 2303; x_wconf 81' lang='lat' dir='ltr'>facere</span> <span class='ocrx_word' id='word_1_275' title='bbox 653 2258 669 2286; x_wconf 59' lang='grc' dir='ltr'><em>Δ</em></span> <span class='ocrx_word' id='word_1_276' title='bbox 688 2257 704 2303; x_wconf 72' lang='grc' dir='ltr'><strong><em>Ρ</em></strong></span> <span class='ocrx_word' id='word_1_277' title='bbox 722 2279 742 2299; x_wconf 82' lang='grc'>»</span> 
     </span>
    </p>

    <p class='ocr_par' dir='ltr' id='par_1_3' title="bbox 117 2323 1495 2532">
     <span class='ocr_line' id='line_1_30' title="bbox 180 2323 1495 2392; baseline 0.001 -22"><span class='ocrx_word' id='word_1_278' title='bbox 180 2326 321 2371; x_wconf 83' lang='lat' dir='ltr'><strong>XXX.</strong></span> <span class='ocrx_word' id='word_1_279' title='bbox 355 2326 399 2371; x_wconf 87' lang='lat' dir='ltr'>Si</span> <span class='ocrx_word' id='word_1_280' title='bbox 423 2337 563 2373; x_wconf 85' lang='lat' dir='ltr'>autem</span> <span class='ocrx_word' id='word_1_281' title='bbox 591 2329 822 2392; x_wconf 81' lang='lat' dir='ltr'>Apostolus</span> <span class='ocrx_word' id='word_1_282' title='bbox 853 2329 914 2374; x_wconf 87' lang='lat' dir='ltr'>ita</span> <span class='ocrx_word' id='word_1_283' title='bbox 938 2327 1045 2374; x_wconf 85' lang='lat' dir='ltr'>dixit</span> <span class='ocrx_word' id='word_1_284' title='bbox 1072 2343 1082 2372; x_wconf 73' lang='grc' dir='ltr'><strong><em>ε</em></strong></span> <span class='ocrx_word' id='word_1_285' title='bbox 1111 2347 1131 2368; x_wconf 90' lang='lat'>«</span> <span class='ocrx_word' id='word_1_286' title='bbox 1151 2325 1351 2389; x_wconf 84' lang='lat' dir='ltr'>Praecipe</span> <span class='ocrx_word' id='word_1_287' title='bbox 1375 2323 1495 2371; x_wconf 87' lang='lat' dir='ltr'>divi-</span> 
     </span>
     <span class='ocr_line' id='line_1_31' title="bbox 118 2395 1495 2463; baseline -0.002 -21"><span class='ocrx_word' id='word_1_288' title='bbox 118 2395 237 2442; x_wconf 89' lang='lat' dir='ltr'>tibus</span> <span class='ocrx_word' id='word_1_289' title='bbox 256 2395 390 2456; x_wconf 87' lang='lat' dir='ltr'>hujus</span> <span class='ocrx_word' id='word_1_290' title='bbox 412 2397 567 2443; x_wconf 88' lang='lat' dir='ltr'>mundi</span> <span class='ocrx_word' id='word_1_291' title='bbox 587 2436 597 2453; x_wconf 92' lang='lat'><strong>‚</strong></span> <span class='ocrx_word' id='word_1_292' title='bbox 625 2416 714 2445; x_wconf 90' lang='lat' dir='ltr'>non</span> <span class='ocrx_word' id='word_1_293' title='bbox 737 2399 925 2463; x_wconf 88' lang='lat' dir='ltr'>superbe</span> <span class='ocrx_word' id='word_1_294' title='bbox 957 2414 1130 2462; x_wconf 83' lang='lat' dir='ltr'>sapere,</span> <span class='ocrx_word' id='word_1_295' title='bbox 1162 2413 1304 2460; x_wconf 87' lang='lat' dir='ltr'>neque</span> <span class='ocrx_word' id='word_1_296' title='bbox 1324 2409 1495 2459; x_wconf 86' lang='lat' dir='ltr'>sperare</span> 
     </span>
     <span class='ocr_line' id='line_1_32' title="bbox 117 2464 1495 2532; baseline 0 -22"><span class='ocrx_word' id='word_1_297' title='bbox 117 2487 139 2509; x_wconf 85' lang='lat'>»</span> <span class='ocrx_word' id='word_1_298' title='bbox 162 2466 207 2512; x_wconf 89' lang='lat' dir='ltr'>in</span> <span class='ocrx_word' id='word_1_299' title='bbox 223 2465 389 2512; x_wconf 85' lang='lat' dir='ltr'>incerto</span> <span class='ocrx_word' id='word_1_300' title='bbox 412 2467 717 2528; x_wconf 81' lang='lat' dir='ltr'>divitiarum⁵‚</span> <span class='ocrx_word' id='word_1_301' title='bbox 740 2491 761 2513; x_wconf 78' lang='lat'>›&gt;</span> <span class='ocrx_word' id='word_1_302' title='bbox 779 2481 830 2517; x_wconf 93' lang='lat' dir='ltr'>ut</span> <span class='ocrx_word' id='word_1_303' title='bbox 850 2468 1041 2516; x_wconf 82' lang='lat' dir='ltr'>vendant</span> <span class='ocrx_word' id='word_1_304' title='bbox 1066 2468 1210 2514; x_wconf 84' lang='lat' dir='ltr'>omnia</span> <span class='ocrx_word' id='word_1_305' title='bbox 1228 2481 1330 2532; x_wconf 85' lang='lat' dir='ltr'>quae</span> <span class='ocrx_word' id='word_1_306' title='bbox 1351 2464 1495 2530; x_wconf 85' lang='lat' dir='ltr'>possi-</span> 
     </span>
    </p>
   </div>
   <div class='ocr_carea' id='block_1_3' title="bbox 119 2561 1494 2661">
    <p class='ocr_par' dir='ltr' id='par_1_4' title="bbox 119 2561 1494 2661">
     <span class='ocr_line' id='line_1_33' title="bbox 166 2561 1494 2613; baseline -0.005 -10"><span class='ocrx_word' id='word_1_307' title='bbox 166 2564 177 2588; x_wconf 85' lang='lat'><strong>¹</strong></span> <span class='ocrx_word' id='word_1_308' title='bbox 197 2565 277 2598; x_wconf 72' lang='lat' dir='ltr'>Psal-</span> <span class='ocrx_word' id='word_1_309' title='bbox 294 2577 396 2598; x_wconf 68' lang='lat' dir='ltr'>xnvut</span> <span class='ocrx_word' id='word_1_310' title='bbox 411 2590 419 2605; x_wconf 85' lang='lat'>‚</span> <span class='ocrx_word' id='word_1_311' title='bbox 442 2579 472 2607; x_wconf 87' lang='lat'>7·</span> <span class='ocrx_word' id='word_1_312' title='bbox 485 2585 531 2593; x_wconf 90' lang='lat'>—</span> <span class='ocrx_word' id='word_1_313' title='bbox 546 2564 564 2590; x_wconf 69' lang='lat'>²</span> <span class='ocrx_word' id='word_1_314' title='bbox 580 2569 696 2613; x_wconf 84' lang='lat' dir='ltr'>Philip.</span> <span class='ocrx_word' id='word_1_315' title='bbox 717 2582 757 2606; x_wconf 74' lang='grc' dir='ltr'>η,</span> <span class='ocrx_word' id='word_1_316' title='bbox 784 2582 837 2611; x_wconf 81' lang='lat'>12,</span> <span class='ocrx_word' id='word_1_317' title='bbox 860 2571 962 2603; x_wconf 83' lang='lat'>13.-—</span> <span class='ocrx_word' id='word_1_318' title='bbox 977 2565 991 2590; x_wconf 79' lang='grc'>3</span> <span class='ocrx_word' id='word_1_319' title='bbox 1009 2566 1213 2608; x_wconf 72' lang='lat' dir='ltr'>Mauh.x1x‚</span> <span class='ocrx_word' id='word_1_320' title='bbox 1234 2578 1291 2601; x_wconf 82' lang='lat'>21.</span> <span class='ocrx_word' id='word_1_321' title='bbox 1313 2584 1354 2593; x_wconf 62' lang='grc' dir='ltr'>ι-</span> <span class='ocrx_word' id='word_1_322' title='bbox 1370 2561 1385 2587; x_wconf 66' lang='lat'>⁴</span> <span class='ocrx_word' id='word_1_323' title='bbox 1399 2565 1494 2597; x_wconf 83' lang='lat' dir='ltr'>Joan.</span> 
     </span>
     <span class='ocr_line' id='line_1_34' title="bbox 119 2619 597 2661; baseline 0.006 -9"><span class='ocrx_word' id='word_1_324' title='bbox 119 2630 170 2661; x_wconf 75' lang='lat' dir='ltr'>xv,</span> <span class='ocrx_word' id='word_1_325' title='bbox 191 2622 222 2654; x_wconf 80' lang='lat'>5.</span> <span class='ocrx_word' id='word_1_326' title='bbox 247 2638 288 2646; x_wconf 86' lang='lat'>—-</span> <span class='ocrx_word' id='word_1_327' title='bbox 308 2619 323 2644; x_wconf 79' lang='lat'><strong>5</strong></span> <span class='ocrx_word' id='word_1_328' title='bbox 345 2634 356 2653; x_wconf 86' lang='lat'>1</span> <span class='ocrx_word' id='word_1_329' title='bbox 378 2622 460 2655; x_wconf 88' lang='lat' dir='ltr'>Tim.</span> <span class='ocrx_word' id='word_1_330' title='bbox 481 2632 522 2660; x_wconf 73' lang='lat' dir='ltr'>vr,</span> <span class='ocrx_word' id='word_1_331' title='bbox 545 2630 597 2661; x_wconf 76' lang='lat'>14.</span> 
     </span>
    </p>
   </div>
  </div>
 </body>
</html>
