1799 3251
538 295 748 326 Erisrom
785 294 1010 324 crxxxvn.
1363 278 1448 324 521

87 373 218 425 atque
240 361 298 407 ita
322 361 518 406 membra
536 372 692 407 caetera
713 361 890 406 diversis
910 359 1060 407 officiis
1074 360 1350 406 concorditer
1370 359 1455 404 dis-

85 433 250 478 tributa
269 450 280 477 :
301 449 400 495 quae
417 443 558 478 tamen
579 449 679 478 cum
702 432 794 477 sani
814 448 977 484 sumus,
1000 448 1084 477 una
1107 448 1247 493 neque
1270 430 1454 484 diversa,

81 519 160 548 nec
188 502 291 547 alibi
312 506 493 562 majore,
520 503 624 548 alibi
649 502 831 554 minore,
859 500 935 546 sed
959 518 1059 546 cum
1090 502 1175 546 sint
1195 501 1287 563 ipsa
1305 500 1457 562 dispa-

79 573 160 628 ria,
180 573 405 618 communi
422 584 462 618 et
484 573 614 636 parili
630 572 764 617 salute
788 571 1080 631 congaudent.
1106 573 1247 631 Hujus
1263 569 1459 633 corporis

79 654 213 706 caput
225 654 286 689 est
306 643 525 699 Christus,
545 643 675 702 hujus
697 644 892 705 corporis
917 642 1060 687 unitas
1078 654 1224 687 nostro
1246 640 1458 687 sacrificio

80 713 412 759 commendatur
433 731 443 758 z
474 713 593 776 quod
613 713 803 758 breviter
822 712 1084 771 significavit
1107 710 1358 774 Apostolus,
1388 710 1462 755 di-

81 800 181 829 cens
204 801 215 828 ε
255 784 412 829 «Unus
432 784 574 846 panis,
604 797 746 828 unum·
767 799 927 844 corpus
947 781 1074 827 multi
1102 798 1249 827 sumus
1272 779 1306 826 ¹.
1328 802 1348 821 »
1371 781 1455 824 Per

86 864 222 917 caput
234 865 430 898 nostrum
451 853 787 899 reconciliamur
815 854 923 906 Deo,
945 852 1047 914 quia
1073 852 1118 896 in
1146 851 1221 896 illo
1244 860 1306 895 est
1334 849 1450 894 divi-

86 923 197 969 nitas
219 925 438 983 Unigeniti
463 923 574 969 facta
598 923 818 985 particeps
839 921 1112 966 mortalitatis
1136 931 1311 975 nostrae,
1344 929 1391 965 ut
1408 929 1448 963 et

89 1010 167 1038 nos
191 995 427 1056 participes
452 997 542 1053 ejus
569 992 912 1037 immortalitatis
933 1008 1133 1037 essemus.

131 1065 252 1111 XXI.
274 1065 369 1110 Hoc
382 1063 846 1122 Sacramentumlonge
862 1073 922 1107 est
942 1062 1186 1107 acordibus
1198 1061 1460 1124 sapientium

88 1135 398 1197 superborum,
418 1145 460 1179 et
482 1134 578 1179 ideo
603 1150 690 1178 non
716 1133 1086 1187 Christianorum,
1111 1148 1160 1177 ac
1186 1148 1264 1194 per
1281 1131 1368 1176 hoc
1383 1146 1462 1175 nec

84 1221 182 1251 vere
207 1205 481 1268 sapientium.
515 1205 697 1250 Illorum
712 1204 838 1248 etiam
860 1203 959 1248 dico
970 1202 1249 1265 sapientium,
1265 1201 1342 1264 qui
1359 1216 1459 1259 cog-

84 1286 299 1319 noverunt
318 1276 455 1319 Deum
474 1294 484 1327 ;
515 1296 534 1315 α
555 1275 671 1330 Quia
692 1283 999 1332 cognoscentes
1019 1274 1176 1327 Deum,
1198 1293 1216 1312 n
1233 1271 1343 1317 sicut
1358 1270 1466 1315 dicit

93 1344 328 1407 Apostolus
354 1362 364 1388 ε
394 1365 412 1384 «
437 1344 536 1389 Non
561 1345 674 1389 sicut
695 1347 837 1388 Deum
859 1342 1230 1402 glorificaverunt,
1258 1350 1334 1386 aut
1363 1357 1465 1399 gra-

93 1436 114 1459 »
132 1414 212 1459 tias
238 1425 417 1473 egerunt
433 1414 465 1460 ².
498 1436 517 1456 >³
543 1414 663 1459 Nosti
683 1423 823 1458 autem
846 1413 890 1457 in
910 1429 999 1475 quo
1029 1412 1240 1457 sacrificio
1259 1410 1431 1456 dicatur
1452 1426 1463 1453 ι

89 1505 108 1524 α
136 1484 308 1529 Gratias
325 1501 500 1544 agamus
525 1483 716 1529 Domino
739 1484 831 1528 Deo
854 1493 1014 1528 nostro.
1035 1504 1054 1523 »
1073 1482 1104 1526 A
1120 1485 1244 1541 cujus
1266 1479 1469 1526 sacrificii

86 1554 338 1601 humilitate
357 1555 483 1613 longe
505 1555 625 1598 abest
653 1554 837 1616 typhus,
861 1565 902 1598 et
922 1553 1166 1598 cothurnus
1182 1552 1374 1597 illorum.
1413 1550 1469 1594 Et

88 1625 184 1671 ideo
198 1624 384 1670 multum
404 1623 614 1669 mirabilis
624 1641 688 1668 res
702 1634 777 1678 est,
791 1622 1162 1685 quemadmodum
1176 1620 1468 1684 quorumdam

88 1693 286 1740 nondum
321 1694 675 1754 cognoscentium
721 1695 858 1738 Deum
875 1693 928 1738 sit
958 1692 1228 1738 inhabitator
1262 1694 1398 1743 Deus,
1427 1699 1470 1734 et

88 1765 382 1829 quorumdam
400 1765 752 1823 cognoscentium
772 1780 860 1808 non
884 1763 950 1809 sit.
977 1763 1066 1808 Nec
1082 1762 1146 1808 illi
1163 1763 1275 1808 enim
1292 1760 1346 1806 ad
1361 1771 1469 1806 tem-

92 1834 214 1897 plum
240 1834 320 1879 Dei
354 1835 592 1896 pertinent,
621 1834 697 1896 qui
721 1843 1027 1892 cognoscentes
1048 1833 1207 1883 Deum,
1237 1848 1324 1876 non
1359 1829 1472 1874 sicut

92 1907 234 1950 Deum
252 1904 627 1964 glorificaverunt,
650 1904 894 1962 autgratias
906 1913 1105 1962 egerunt3
1126 1912 1168 1947 et
1184 1901 1237 1947 ad
1256 1899 1468 1962 templum

93 1975 175 2020 Dei
207 1975 427 2038 pertinent
454 1973 923 2037 parvuli—sanctificati
970 1972 1248 2018 Sacramento
1288 1969 1471 2023 Christi,

93 2045 330 2104 regenerati
364 2044 534 2107 Spiritu
553 2054 720 2097 sancto,
744 2043 818 2104 qui
846 2054 959 2088 certe
979 2059 1056 2105 per
1077 2052 1247 2087 aetatem
1275 2039 1473 2085 nondum

95 2125 278 2179 possunt
300 2131 537 2174 cognocere
549 2115 704 2159 Deum.
734 2113 854 2158 Unde
864 2131 994 2176 quern
1014 2123 1251 2176 potuerunt
1272 2110 1333 2155 illi
1354 2126 1476 2155 nosse

95 2201 176 2230 nec
191 2184 370 2239 habere,
404 2185 471 2229 isti
494 2194 734 2246 potuerunt
756 2183 919 2228 habere
944 2194 1172 2245 antequam
1194 2197 1331 2226 nosse.
1364 2181 1476 2224 Bea-

95 2254 247 2300 tissimi
281 2264 425 2299 autem
451 2264 570 2308 sunt,
599 2254 764 2315 quibus
789 2253 877 2298 hoc
901 2263 962 2297 est
990 2255 1130 2297 Deum
1158 2251 1320 2296 babere
1353 2248 1474 2311 quod

98 2340 235 2369 nosse.
267 2323 368 2385 Ipsa
392 2324 559 2386 quippe
580 2323 733 2367 notitia
764 2322 1028 2385 plenissima,
1056 2320 1293 2374 verissima,
1316 2317 1478 2363 felicis-

99 2411 207 2440 suma
230 2405 307 2439 est.

173 2465 320 2510 XXII.
351 2466 571 2509 Secunda
598 2469 812 2528 qua‘stz'o.
837 2493 900 2498 ——
918 2464 1032 2508 Hinc
1047 2466 1137 2522 jam
1164 2470 1337 2524 oportet
1357 2459 1483 2504 etiam

102 2534 239 2588 illam,
259 2550 389 2597 quam
416 2545 515 2596 post
535 2535 729 2598 epistolae
756 2545 842 2580 tuae
865 2533 1228 2595 subscriptionem
1253 2528 1476 2583 addidisti,

154 2617 162 2637 ¹
189 2627 199 2645 1
220 2618 296 2650 Cor.
317 2629 350 2657 x,
369 2616 622 2656 17.-²Rom.
647 2630 675 2657 1,
695 2629 750 2651 21.
