1799 3251
599 309 812 345 amsi-otii
847 308 994 343 ctxix.
1397 297 1490 346 363

119 376 419 426 admonitione
449 389 492 426 et
527 377 832 425 cohortatione
870 378 980 441 opus
1022 376 1187 436 habet3
1210 378 1314 442 quia
1347 377 1493 425 omnia

112 451 313 511 judicat,
350 461 437 496 eta
460 451 631 495 nemine
663 448 902 509 Judicatur.
941 449 1009 494 llli
1047 467 1147 510 ergo
1186 450 1416 495 seditiones
1451 460 1494 495 et

118 521 473 586 perturbationes
513 521 558 566 in
597 519 774 566 ecclesia
814 520 1035 565 faciebant
1054 557 1064 576 ,
1111 521 1186 584 qui
1231 521 1494 566 videbantur

121 603 208 638 esse
231 593 275 637 in
308 591 509 645 ecclesia,
535 590 654 654 quod
682 604 769 635 non
795 601 930 636 crant.
968 590 1058 635 Hos
1080 590 1207 636 docet
1236 606 1492 651 cognoscere

121 662 300 708 Domini
324 679 408 707 esse
428 662 681 707 mandatum
697 698 708 717 ,
745 681 765 701 «
787 661 900 715 Quia
926 677 1011 705 non
1029 671 1090 705 est
1117 661 1338 706 seditionis
1361 663 1492 717 Deus,

118 742 140 774 5>
159 732 231 778 se‘d
271 733 406 796 pacis.
446 732 490 777 Si
516 732 614 796 quis
655 741 794 776 autem
823 731 990 789 ignorat
1021 730 1331 789 ignorabitur1
1353 769 1363 785 ‚
1390 751 1411 772 >>
1445 731 1492 776 id

113 813 193 858 est,
219 803 563 866 improbabitur.
597 806 696 847 Non
716 801 829 847 enim
858 802 970 846 Deus
988 837 999 856 ‚
1028 801 1060 845 si
1084 801 1138 846 ad
1163 802 1386 847 scientiam
1416 818 1487 846 re-

112 872 240 928 feras,
263 874 432 933 ignorat
451 890 538 925 eos,
561 873 721 935 quibus
739 872 936 917 dicturus
960 883 1038 927 est,
1056 893 1075 912 «
1091 873 1187 917 ¹Non
1206 872 1308 918 'novi
1329 871 1449 928 vos23
1467 894 1487 914 ))

114 943 186 990 se'd
208 960 354 989 eorum
378 943 646 1007 improbatio
669 944 754 988 hoc
780 942 913 987 verbo
935 942 1147 987 insinuata
1167 953 1244 989 est.

179 1014 262 1058 Ill.
288 1014 400 1058 Cum
419 1024 557 1058 autem
580 1013 794 1058 Dominus
809 1012 928 1057 dicat
948 1029 958 1057 z
982 1013 1138 1057 «Beati
1158 1012 1324 1058 mundo
1340 1013 1489 1069 corde,

113 1105 134 1126 ›>
157 1086 365 1148 quoniam
391 1085 475 1147 ipsi
503 1086 638 1129 Deum
659 1083 902 1129 videbunt3
925 1103 936 1137 ;
961 1105 980 1124 >³
1009 1095 1143 1146 eaque
1167 1084 1274 1129 visio
1300 1085 1424 1130 nobis
1444 1087 1491 1130 in

114 1154 200 1200 fin‘e
213 1170 431 1199 summum
456 1155 685 1217 praemium
704 1154 1002 1217 promittatur,
1024 1165 1111 1198 non
1129 1164 1191 1199 est
1211 1154 1493 1200 metuendum

111 1225 146 1270 si
170 1237 288 1270 nunc
314 1224 368 1270 ad
394 1224 611 1288 liquidum
630 1261 640 1279 ‚
662 1241 761 1288 quae
781 1224 833 1269 de
852 1226 928 1270 Dei
946 1235 1100 1269 natura
1123 1225 1362 1281 credimus,
1391 1241 1495 1271 con-

110 1296 276 1359 spicere
301 1305 389 1340 non
407 1296 600 1341 valemus
616 1333 626 1351 ‚
653 1313 706 1340 ne
725 1295 823 1340 inde
848 1296 902 1340 sit
926 1295 1094 1340 dictum
1119 1313 1130 1340 ι
1159 1316 1179 1337 <<
1200 1296 1487 1356 Quiignorat,

112 1373 134 1408 5>
157 1367 432 1425 ignorabitur
450 1365 483 1413 4.
508 1387 528 1407 >³
551 1367 664 1423 Quia
686 1366 855 1411 enimin
883 1367 1092 1429 sapientia
1116 1366 1193 1411 Dei
1213 1379 1300 1411 non
1328 1381 1493 1427 cogno-

109 1437 174 1482 vit
195 1436 381 1482 ‘mundus
401 1446 479 1500 'per
505 1437 759 1499 sapientian'i
785 1439 923 1481 Deum
940 1473 951 1492 ‚
973 1436 1142 1500 placuit
1162 1440 1254 1481 D'eo
1278 1449 1356 1500 per
1378 1437 1491 1483 stul-

110 1507 247 1553 titiam
266 1507 593 1570 prae'dicationis
612 1507 748 1552 salvos
766 1506 904 1552 facere
920 1507 1157 1553 credentes.
1181 1508 1289 1553 Haec
1309 1508 1492 1554 stultitia

110 1576 436 1641 praedicationis
456 1594 504 1622 ac
524 1576 704 1621 stultum
730 1577 806 1622 Dei
823 1615 832 1631 ‚
856 1577 975 1640 quod
996 1578 1230 1641 sapientius
1257 1578 1317 1624 est
1341 1579 1491 1624 homi-

111 1646 241 1692 itibus
258 1683 269 1699 ,
300 1646 460 1692 inultos
483 1647 706 1691 'contrahit
739 1647 792 1692 ad
819 1647 1000 1692 salutem
1017 1685 1027 1704 ‚
1058 1653 1210 1693 utnon
1236 1648 1376 1694 solum
1410 1649 1489 1712 ‘qui

110 1717 309 1783 'nondum
346 1727 463 1762 certa
500 1717 646 1763 valent
681 1717 964 1778 intelligentia
995 1719 1246 1782 conspicere
1285 1730 1488 1765 naturam

112 1788 189 1834 Dei
210 1813 221 1845 >‚
248 1791 379 1851 quam
399 1788 484 1833 fide
511 1798 682 1838 tenent,
710 1790 991 1834 verumetiam
1013 1790 1088 1852 qu'i
1107 1789 1303 1834 nondum
1329 1789 1372 1834 i'n
1393 1790 1488 1852 ipsa

113 1859 255 1904 anima
282 1867 357 1903 'sua
375 1859 434 1903 ita
459 1859 761 1921 incorpoream
785 1860 1072 1904 substantiam
1098 1877 1119 1904 a
1143 1859 1338 1923 corporis
1359 1870 1490 1919 gene-

111 1929 281 1974 ralitate
301 1927 583 1983 discernunt,
605 1929 978 1992 quemadmodum
1002 1929 1108 1974 certi
1132 1934 1232 1974 s'unt
1255 1946 1298 1974 se
1315 1929 1457 1975 vivere
1475 1966 1486 1985 ,

111 2005 233 2044 nosse
248 1998 356 2043 'velle
373 2035 383 2053 ,
412 1998 509 2044 ideo
538 2014 626 2043 non
655 2000 740 2044 sint
760 1999 885 2044 alieni
912 2017 934 2044 a
963 1999 1126 2053 salute,
1148 2016 1281 2064 quam
1305 1999 1490 2045 stultitia

111 2070 183 2117 illa
208 2069 537 2132 praedicationis
565 2069 769 2115 fidelibus
794 2072 975 2117 confert.

177 2142 252 2188 lv.
288 2142 395 2186 ¹Nam
416 2141 446 2185 si
482 2152 664 2204 propter
687 2159 757 2186 eos
782 2141 892 2187 solos
924 2142 1127 2206 CliriStus
1164 2153 1365 2188 mortuus
1399 2149 1488 2200 est,

110 2211 190 2274 'qui
212 2218 326 2256 certa
350 2210 629 2270 intelligentia
649 2223 830 2274 possunt
855 2214 932 2258 ista
951 2212 1192 2258 'discernere
1209 2249 1220 2267 ‚
1248 2229 1357 2276 pene
1375 2213 1494 2258 frus-

110 2285 177 2327 tra
201 2281 246 2326 in
269 2281 461 2327 Ecclesia·
477 2281 743 2330 laboramus.
766 2284 810 2328 Si
828 2294 968 2328 autem
990 2321 999 2339 ‚
1022 2283 1141 2346 quod
1163 2285 1318 2328 veritas
1336 2283 1489 2338 habet,

110 2350 276 2398 i'nfi'rmi
295 2352 453 2415 populi
474 2352 742 2399 credentium
767 2354 821 2399 acl
839 2354 1057 2399 medicum
1084 2359 1291 2409 currunt,
1313 2352 1494 2398 sanandi

112 2425 191 2486 per
227 2422 478 2477 Christum,
516 2433 558 2468 et
588 2424 710 2469 hunc
743 2425 1000 2470 crucifixum
1019 2461 1029 2478 ‚
1063 2434 1112 2469 ut
1137 2424 1215 2469 ubi
1245 2422 1491 2469 abundavit

112 2494 341 2557 peccatum
364 2531 374 2548 ‚
398 2493 724 2556 superabundet
748 2496 883 2555 gratia
904 2515 914 2549 3
934 2495 1053 2540 miris
1071 2496 1119 2540 fit
1135 2494 1276 2540 motlis
1296 2500 1373 2557 vper
1387 2493 1490 2538 alti-

111 2563 308 2610 {u'din‘e'm
331 2563 585 2610 divitiarum
610 2567 833 2630 sapientiae
851 2577 892 2612 et
914 2566 1104 2611 scientiae
1121 2565 1206 2611 Dei
1224 2602 1235 2621 ‚
1257 2570 1298 2610 e't
1318 2569 1399 2627 pei*
1412 2564 1488 2609 in-

163 2648 174 2670 ¹
197 2658 211 2678 1
230 2648 303 2681 Cor.
317 2656 385 2688 xxv,
406 2646 605 2681 33-38.-2
623 2647 699 2681 Luc.
716 2655 786 2689 xirr,
805 2660 911 2689 27.-
931 2645 945 2672 ³
959 2648 1079 2683 Matth,
1095 2660 1125 2688 v,
1143 2645 1248 2680 8.—⁴
1266 2660 1279 2679 1
1298 2649 1372 2680 Cor.
1389 2658 1418 2686 1,
1432 2657 1491 2680 21.
