1799 3251
573 287 787 319 Erisrom.
824 286 920 319 ext.
1381 275 1435 326 51

71 371 177 420 quas
216 355 324 402 solas
361 353 515 401 timent
548 353 626 417 qui
653 353 796 401 servili
820 354 969 401 adhuc
994 353 1149 402 timore
1173 356 1434 408 detinentur.

73 427 184 473 Nam
213 426 247 472 si
262 426 319 472 eis
342 425 513 482 liceret,
535 424 582 470 in
604 423 688 470 illis
711 425 878 481 exteris,
908 443 1008 489 quae
1036 437 1136 473 sunt
1153 427 1198 473 in
1221 431 1438 492 peccatis,

70 498 250 561 impune
265 513 433 561 semper
444 495 561 542 volvi
578 506 619 542 et
636 496 817 552 involvi,
832 497 1028 559 profecto
1042 514 1265 562 nunquam
1285 500 1445 547 vellent

73 568 272 615 accedere
296 568 350 615 ad
364 569 523 622 Deum,
541 577 583 613 et
602 567 858 624 illuminari,
880 579 919 613 et
934 568 1146 615 inhaerere
1164 569 1227 616 illi
1243 588 1320 634 per
1339 571 1443 617 cha-

71 639 260 696 ritatem,
285 639 360 685 ubi
383 649 443 685 est
473 638 606 684 timor
624 649 763 684 castus
789 656 1043 701 permanens
1066 640 1111 685 in
1134 641 1343 688 saeculum
1361 659 1445 688 sae-

72 710 160 757 culi
181 728 191 756 :
210 711 286 774 qui
300 710 429 756 timor
441 726 528 755 non
546 709 728 766 cruciat,
753 709 824 755 sed
846 710 1105 756 tenaciorem
1127 711 1232 758 facit
1256 714 1444 759 animam

70 780 177 826 boni
194 780 327 836 illius,
356 779 474 843 quod
498 779 531 825 si
553 779 780 836 dimiserit,
803 779 943 827 cadet.

134 852 250 898 LIX.
269 872 288 893 «
305 851 472 896 Timeat
488 867 587 897 eum
608 867 734 896 omne
770 868 912 897 semen
930 852 1079 899 Israel.
1098 874 1118 895 >)
1143 857 1197 899 Et
1216 854 1315 900 vide
1343 872 1444 902 cau-

71 938 159 967 sam
178 938 310 985 quam
334 921 588 981 conjungit:
617 921 879 977 «Quoniam
919 939 1006 967 non
1045 924 1231 986 sprevit,
1274 925 1441 988 inquit,

72 1008 251 1055 »neque
278 991 466 1055 despexit
490 1008 660 1055 precem
683 993 887 1054 pauperis
913 992 946 1039 4.
971 1014 990 1034 »
1016 994 1256 1057 Pauperem
1292 995 1444 1042 humi-

71 1063 153 1109 lem
178 1063 299 1110 dicit.
329 1064 442 1108 Hinc
476 1074 537 1109 est
567 1081 576 1108 :
598 1084 618 1104 <‹
642 1062 740 1108 Noli
767 1063 901 1108 altum
928 1081 1093 1128 sapere,
1137 1066 1209 1112 sed
1235 1067 1338 1113 time
1360 1067 1392 1114 2.
1423 1089 1444 1109 »

72 1133 240 1179 Timeat
257 1150 357 1193 ergo
378 1150 474 1180 eum
495 1150 621 1179 omne
643 1150 785 1179 semen
814 1134 965 1190 Israel,
991 1136 1196 1199 quoniam
1223 1154 1310 1183 non
1345 1138 1446 1186 des-

72 1204 186 1267 pexit
224 1207 315 1263 eJ'us
335 1221 529 1267 precem,
571 1204 645 1267 qui
682 1221 768 1249 non
813 1203 946 1249 altum
981 1206 1142 1268 sapuit,
1167 1206 1240 1252 sed
1278 1208 1440 1256 timuit.

71 1277 220 1321 Potest
241 1285 281 1320 et
297 1275 383 1321 hoc
407 1275 539 1339 capiti
559 1275 896 1338 coaptari3quia
918 1275 1008 1338 ipse
1034 1276 1233 1323 Salvator
1248 1279 1445 1342 corporis

70 1357 250 1410 propter
272 1362 348 1391 nos
371 1362 540 1409 pauper
572 1344 711 1391 factus
735 1355 796 1389 est
838 1362 938 1390 cum
963 1344 1081 1393 dives
1105 1358 1209 1393 esset
1231 1385 1242 1405 ,
1274 1360 1321 1394 ut
1350 1353 1385 1409 ej
1396 1365 1443 1396 us

71 1427 326 1481 paupertate
345 1416 583 1462 ditaremur
607 1416 639 1463 3.
667 1417 727 1460 Ex
746 1415 884 1461 forma
902 1416 1016 1462 enim
1038 1418 1147 1463 servi
1157 1435 1328 1482 pauper
1348 1418 1446 1466 fac-

72 1501 138 1535 tus
156 1499 234 1544 est,
260 1506 306 1534 ex
322 1505 409 1551 qua
422 1499 645 1552 etprecem
664 1486 780 1533 fudit
802 1504 812 1532 t
837 1487 880 1533 in
902 1504 948 1533 ea
965 1488 1133 1552 quippe
1167 1489 1446 1554 semetipsum

72 1558 319 1605 humiliavit
337 1557 477 1604 factus
502 1557 708 1603 obediens
729 1574 863 1620 usque
883 1556 937 1603 ad
955 1569 1137 1604 mortem
1153 1558 1186 1606 Δ.
1214 1559 1322 1606 Vide
1345 1579 1445 1622 ergo

72 1630 179 1694 quid
202 1629 342 1686 dicat3
362 1651 380 1670 α
405 1629 624 1686 Quoniam
663 1645 749 1674 non
783 1628 945 1691 sprevit
972 1646 1110 1692 neque
1130 1629 1320 1694 despexit
1342 1650 1447 1696 pre-

73 1723 93 1742 »
108 1718 198 1759 cem
209 1700 430 1764 pauperis,
451 1716 591 1763 neque
612 1699 765 1745 avertit
784 1698 936 1744 faciem
961 1716 1080 1744 suam
1099 1717 1122 1744 a
1142 1717 1222 1747 me.
1243 1722 1263 1743 »
1279 1703 1367 1748 Ubi
1384 1715 1447 1750 est

73 1771 181 1817 illud
211 1789 220 1816 :
246 1793 265 1813 <‹
287 1772 431 1828 Quare
452 1787 518 1815 me
536 1769 823 1831 dereliquisti,
846 1790 865 1809 »
891 1768 924 1813 si
943 1786 1022 1814 nec
1044 1769 1198 1816 faciem
1222 1773 1376 1819 avertit
1392 1775 1448 1820 al)

72 1846 149 1889 eo.3
170 1843 251 1888 nisi
277 1842 379 1905 quia
400 1851 441 1886 et
459 1839 757 1902 derelinquens
779 1856 866 1884 non
889 1838 1163 1902 derelinquit,
1203 1843 1379 1904 quando
1402 1844 1450 1892 in

74 1914 198 1959 honis
224 1911 536 1974 temporalibus
564 1927 650 1955 non
682 1909 875 1964 exaudit3
904 1920 1050 1956 etnon
1079 1911 1133 1956 ad
1156 1912 1448 1976 insipientiam

73 1985 215 2039 nobis,
243 1982 315 2029 sed
333 1993 380 2028 ut
399 1982 616 2045 sapiamus
629 1980 735 2043 quid
749 1980 930 2036 auferat,
947 1990 988 2026 et
1007 1981 1113 2044 quid
1132 1983 1282 2029 offerat
1300 1985 1441 2033 nobis.

74 2077 93 2097 «
117 2056 233 2112 Non,
259 2054 420 2117 inquit,
462 2051 624 2115 sprevit
644 2067 780 2114 neque
813 2050 1002 2114 despexit
1022 2067 1195 2114 precem
1221 2055 1445 2118 pauperis,

74 2149 94 2170 ›>
114 2143 250 2190 neque
269 2125 421 2171 avertit
444 2122 598 2169 faciem
625 2139 744 2168 suam
765 2140 786 2166 a
810 2139 875 2167 me
900 2140 910 2166 ε
939 2133 980 2167 et
1005 2139 1105 2168 cum
1137 2123 1366 2171 clamarem
1393 2126 1449 2173 ad

76 2222 95 2241 »
119 2215 236 2253 eum,
264 2195 480 2242 exaudivit
502 2211 585 2240 me.
611 2215 629 2234 ›>
649 2193 768 2238 Fecit
788 2210 886 2252 ergo
908 2193 1025 2256 quod
1047 2193 1180 2256 paulo
1205 2207 1303 2242 ante
1320 2209 1451 2257 roga-

77 2280 144 2315 tus
166 2278 244 2321 est,
273 2267 350 2313 ubi
375 2283 474 2312 eum
509 2264 747 2327 deprecans
776 2262 882 2308 dixit
908 2282 917 2308 :
945 2286 964 2304 c<
991 2264 1053 2308 Ne
1076 2263 1306 2312 discedasa
1330 2284 1451 2314 me.»

78 2339 123 2384 Si
153 2338 265 2384 enim
292 2336 526 2390 exaudivit,
554 2334 751 2398 profecto
790 2332 912 2389 fecit,
953 2351 1040 2379 non
1065 2335 1214 2398 utique
1240 2336 1446 2387 discessit.

78 2411 176 2455 Non
194 2426 294 2468 ergo
317 2407 549 2470 dereliquit
576 2406 661 2451 hoc
683 2403 831 2459 modo.
856 2404 931 2467 qui
962 2403 1045 2449 alio
1066 2405 1197 2450 modo
1223 2406 1452 2473 dereliquit

75 2491 123 2526 ut
139 2496 383 2544 saperemus
401 2476 621 2542 quomodo
641 2475 776 2534 magis
796 2491 883 2520 non
912 2475 968 2521 ab
992 2491 1041 2520 eo
1067 2475 1311 2540 derelinqui
1341 2480 1448 2527 velle

76 2549 293 2598 debemus.

125 2634 136 2656 ¹
151 2634 229 2668 Psal.
248 2642 319 2677 xxi,
337 2633 449 2664 25.—
464 2629 479 2654 ²
497 2634 587 2663 Rom.
603 2640 646 2670 xi,
661 2641 712 2663 20.
727 2627 800 2656 ...3
818 2641 831 2660 1
854 2630 926 2663 Cor.
941 2639 1014 2674 νην,
1035 2642 1067 2673 9.
1083 2649 1128 2656 -
1145 2628 1159 2653 4
1178 2629 1297 2675 Philip·
1324 2644 1358 2674 u,
1385 2637 1417 2671 g.

1267 2696 1311 2751 4.
