1799 3251
362 323 447 380 148
775 339 807 366 s.
854 338 1091 368 Ai‘Ct'STIM
1133 338 1331 368 muscum

355 405 451 450 Jam
490 414 635 449 utrum
659 404 793 467 possit
824 403 954 462 liujus
978 404 1172 466 corporis
1209 403 1344 449 oculis
1369 404 1503 450 videri
1530 404 1692 469 aliquid
1709 444 1719 463 ‚

356 474 475 539 quod
500 475 544 520 in
568 474 666 520 loco
690 492 778 519 non
813 473 1004 529 videtur,
1036 474 1092 519 ab
1119 474 1177 519 cis
1198 474 1272 536 qui
1308 474 1393 519 lioc
1425 475 1569 521 valent
1593 475 1725 521 disse-

354 545 489 591 rendo
513 555 779 599 monstrare,
818 561 918 590 Cum
952 561 1058 607 pace
1092 543 1334 589 dilectionis
1373 544 1521 590 audire
1552 557 1727 609 paratus

351 634 444 662 Sum
466 654 476 671 ,
497 627 536 662 et
552 616 667 679 quod
687 633 752 661 ine
774 625 915 660 movet
931 615 976 660 in
991 631 1221 660 commune
1241 614 1450 662 conferre.
1483 618 1594 662 Sunt
1612 617 1724 663 enim

351 687 530 752 quidam
552 724 562 742 ,
601 687 679 750 qui
708 688 844 731 Deum
879 687 1021 749 ipsum
1059 685 1234 730 omnino
1263 702 1424 748 corpus
1449 702 1532 731 esse
1556 704 1726 749 praesu-

348 769 474 804 munt
493 795 502 815 ,
524 768 723 821 putantes
746 757 964 821 quidquid
984 773 1141 819 corpus
1157 767 1342 809 nonest,
1367 756 1531 802 nullam
1552 775 1728 820 prorsus

349 846 435 875 esse
472 828 756 874 substantiam
785 827 921 872 :istos
954 827 1071 871 omni
1104 826 1233 871 inodo
1268 827 1527 873 aversandos
1557 845 1720 876 censeo.

350 901 462 945 Sunt
503 909 644 944 autem
675 898 743 943 alii
775 899 911 943 Deum
941 897 1117 960 quidem
1151 898 1294 959 ipsum
1327 915 1487 961 corpus
1522 916 1610 944 non
1643 916 1729 944 esse

347 971 526 1017 minime
540 969 815 1022 dubitante33
834 968 905 1014 sed
934 969 1028 1014 idco
1051 986 1120 1014 eos
1137 1005 1146 1022 ‚
1174 969 1249 1031 qui
1275 969 1332 1014 ad
1360 970 1494 1015 vitam
1521 981 1728 1016 aeternam

347 1051 592 1099 resurgent,
613 1040 746 1086 etiam
770 1057 848 1102 per
871 1056 1028 1102 corpus
1057 1040 1197 1085 Deum
1222 1040 1386 1084 visuros
1408 1050 1564 1102 putant
1586 1076 1596 1097 ‚
1623 1057 1729 1103 quo-

348 1113 465 1157 niam
482 1111 607 1156 talem
627 1122 802 1174 sperant
814 1110 1018 1173 spiritalis
1034 1111 1229 1172 corporis
1246 1110 1516 1173 qualitatem,
1533 1123 1581 1157 ut
1600 1113 1727 1157 etiam

347 1186 441 1247 ipsa
461 1199 560 1245 quae
579 1199 680 1227 caro
694 1182 833 1226 fuerat
850 1219 860 1236 ‚
885 1181 1061 1244 spiritus
1082 1182 1170 1227 fiat.
1200 1181 1330 1237 Quod
1347 1182 1380 1226 si
1406 1183 1464 1227 ita
1485 1194 1547 1227 est
1566 1220 1575 1235 ,
1594 1200 1730 1246 quan·

350 1267 439 1299 turn
465 1253 593 1299 distet
621 1270 641 1297 a
668 1252 881 1314 superiori
912 1251 1119 1314 opinione
1138 1289 1147 1306 ‚
1177 1261 1217 1296 et
1242 1268 1371 1314 quain
1396 1251 1482 1297 hoc
1503 1253 1555 1297 sit
1578 1253 1731 1298 tolera·

346 1323 505 1372 bilius.
534 1323 699 1367 etiamsi
730 1339 877 1367 verum
913 1339 1000 1366 non
1037 1322 1115 1368 sit.
1144 1332 1252 1384 puto
1287 1321 1489 1368 facillime
1521 1323 1724 1382 judicari.

343 1395 498 1440 Primo
534 1394 636 1457 quia
662 1392 850 1438 multum
873 1392 1070 1441 interest,
1112 1402 1256 1437 utrum
1292 1391 1345 1437 de
1372 1392 1574 1438 Creatore
1602 1411 1655 1439 an
1679 1392 1731 1438 de

351 1476 553 1511 creatura
595 1463 717 1509 aliter
757 1462 923 1525 aliquid
965 1463 1175 1508 sentiatur
1210 1479 1340 1525 quam
1379 1464 1536 1508 veritas
1575 1464 1724 1510 habet.

354 1535 520 1582 Deinde
547 1535 650 1597 quia
674 1544 854 1579 conatus
877 1533 1031 1578 inentis
1062 1544 1297 1596 utcumque
1324 1532 1522 1578 ferendus
1546 1544 1632 1588 est,
1658 1551 1732 1579 vo—

352 1607 478 1653 lentis
492 1621 651 1668 corpus
665 1604 970 1649 converterein
987 1604 1206 1666 spiritum,
1221 1620 1308 1648 non
1328 1603 1373 1648 in
1393 1620 1552 1666 corpus
1572 1605 1725 1651 Deum.
1773 1650 1777 1652 γ

356 1681 578 1725 Postremo
593 1675 694 1738 quia
708 1674 751 1719 id
767 1674 885 1737 quod
904 1691 979 1733 ego
993 1675 1035 1719 in
1055 1673 1126 1718 illa
1142 1673 1337 1736 Epistola
1353 1674 1465 1719 inea1
1480 1674 1563 1719 dixi
1580 1674 1632 1719 de
1644 1675 1732 1720 istis

358 1760 516 1796 nostrae
541 1747 680 1792 carnis
715 1745 875 1799 oculis,
903 1745 1001 1807 quia
1037 1761 1174 1807 neque
1208 1761 1323 1790 nunc
1356 1756 1562 1807 possunt,
1592 1762 1733 1807 neque

361 1832 466 1866 tunc
496 1826 703 1880 poterunt
730 1815 869 1860 Deum
908 1814 1075 1868 videre,
1103 1815 1230 1859 etiam
1259 1815 1318 1859 sic
1355 1831 1505 1861 verum
1528 1826 1620 1861 cst:
1644 1832 1732 1860 non

361 1890 474 1935 enim
502 1887 671 1932 dictum
695 1896 756 1931 est
778 1885 857 1930 nisi
879 1884 931 1929 de
955 1885 1091 1929 oculis
1125 1884 1425 1947 corporalibus
1442 1922 1452 1931 .
1479 1885 1599 1948 quod
1629 1896 1732 1931 tunc

363 1977 451 2006 non
471 1967 598 2004 erunt
619 1957 652 2001 si
676 1972 836 2018 corpus
859 1956 1002 2017 ipsum
1026 1955 1202 2017 spiritus
1225 1955 1333 2007 erit3
1361 1971 1409 1999 ac
1430 1973 1508 2018 per
1530 1956 1617 2001 hoc
1631 1973 1732 2001 cor-

365 2029 487 2093 porei
503 2026 617 2073 oculi
642 2042 865 2088 nunquam
891 2026 1028 2069 Deum
1052 2024 1288 2079 videbunt,
1313 2025 1413 2088 quia
1434 2042 1534 2071 curn
1559 2025 1733 2072 videbi-

365 2111 455 2149 tur.
473 2097 648 2161 spiritus
664 2112 761 2141 eum
781 2111 865 2140 non
885 2110 1044 2157 corpus
1060 2093 1240 2142 videbit..

430 2171 482 2216 L.
517 2169 625 2214 Tota
649 2166 778 2226 igitur
805 2166 1090 2228 quaestiojam
1114 2165 1315 2210 remansit
1336 2165 1389 2211 de
1403 2184 1583 2230 corpore
1602 2167 1733 2231 spiri-

367 2242 469 2293 tali3
493 2250 702 2303 quatenus
730 2236 881 2281 induat
900 2236 1272 2297 incorruptionem
1303 2247 1343 2280 et
1366 2236 1733 2283 immortalitatem

363 2314 452 2360 hoc
470 2308 757 2372 corruptibile
782 2318 907 2370 atque
932 2306 1158 2360 mortale2‚
1185 2316 1224 2351 et
1242 2316 1455 2369 quatenus
1487 2325 1533 2353 ex
1559 2307 1734 2355 animali

367 2387 411 2432 in
426 2381 616 2447 spiritale
640 2389 843 2424 mutetur.
880 2378 991 2434 Quae
1016 2375 1261 2436 diligentius
1285 2376 1595 2442 sollicitiusque
1624 2391 1736 2426 trac-

367 2454 499 2501 tanda
522 2462 606 2496 cst.
641 2449 822 2494 maxime
860 2457 1039 2511 propter
1061 2463 1219 2509 corpus
1251 2446 1387 2509 ipsius
1423 2449 1627 2504 Domini,
1659 2452 1734 2514 qui

365 2524 641 2582 transfigurat
661 2535 823 2581 corpus
839 2516 1096 2563 humilitatis
1115 2527 1273 2563 nostru:
1290 2552 1299 2573 ‚
1325 2516 1545 2564 conforme
1563 2522 1734 2583 corpori

362 2594 511 2656 gloriae
531 2607 642 2645 suae,
665 2599 711 2635 ut
730 2588 863 2651 possit
887 2587 968 2634 sibi
987 2587 1198 2647 subjicere
1217 2586 1405 2633 omniass.
1429 2591 1540 2634 Cum
1562 2590 1674 2636 enim
1696 2601 1736 2636 et

410 2679 470 2708 ¹1⁸1
493 2674 581 2718 epist.
599 2683 676 2710 xcxi,
693 2681 722 2702 n.
748 2671 778 2702 3.
798 2688 838 2695 -—
855 2667 869 2691 2
896 2671 997 2702 πῦον,
1017 2679 1067 2710 xv,
1094 2670 1147 2703 53,
1168 2687 1206 2694 -—
1229 2667 1242 2692 3
1257 2669 1372 2713 Philip.
1395 2680 1446 2705 tn.
1467 2682 1519 2704 22,
