1799 3251
577 287 787 317 EPIS'IOLA
824 288 968 318 cxmx.
1369 273 1454 337 169

83 369 214 416 quam
242 352 299 398 eis
329 350 509 407 dedisti,
541 373 560 392 α
582 352 820 414 Dispertire
843 369 937 407 eOS,
959 374 979 393 ›>
1004 352 1048 398 in
1075 352 1276 412 gentibus
1298 370 1308 397 ε
1335 353 1457 417 quod

83 432 124 468 et
148 423 312 468 factum
334 422 392 467 eis
410 432 496 475 est,
522 438 621 466 ctum
638 421 756 481 gravi
783 421 896 466 bello
922 423 1155 485 expugnati
1198 432 1327 485 atque
1347 423 1457 468 sub-

81 493 191 538 versi
219 503 331 538 sunt.
370 491 484 537 lllud
513 503 654 537 autem
679 491 862 537 alterum
894 492 1116 555 quomodo
1142 491 1448 555 accipiendum

82 563 153 619 sit,
173 579 260 607 non
272 562 382 607 mibi
399 563 590 608 occurrit
607 599 618 617 ,
643 562 722 607 nisi
745 562 846 625 quia
864 563 909 607 in
926 563 1252 625 comparatione
1266 562 1452 625 perditae

82 631 371 677 multitudinis
404 648 579 687 eorum,
611 631 806 694 reliquiae
835 632 963 677 salvae
992 632 1118 677 factae
1147 642 1270 686 sunt,
1300 632 1452 694 utique

81 701 124 746 111
139 702 307 764 paucis,
327 719 348 746 a
367 702 527 763 quibus
546 719 614 747 eos
638 701 975 764 dispertiendos,
993 702 1080 747 hoc
1099 712 1176 756 est,
1200 700 1457 746 dividendos

81 781 209 834 atque
233 770 492 833 separandos
518 771 745 834 Scriptura
766 771 1081 834 praenuntiavit
1102 808 1112 826 ,
1140 770 1304 825 dicens,
1327 791 1347 812 c<
1370 770 1458 815 Do-

82 862 102 882 »
117 843 232 886 mino
254 859 274 886 a
299 842 495 904 paucis‚›>
515 841 648 897 idest,
673 842 917 905 areliquiis,
939 859 1045 904 quas
1065 859 1109 887 ex
1135 841 1207 886 illa
1231 851 1355 901 gente
1377 840 1457 886 sal-

79 927 154 957 tas
172 912 333 967 fecisti,
378 934 399 953 <c
424 914 481 957 De
509 923 616 957 terra
642 912 868 975 dispertire
894 930 964 957 eos
986 931 996 957 :
1023 934 1042 953 »
1081 923 1126 958 ut
1152 923 1305 957 terram
1331 911 1456 957 intel-

80 981 262 1041 ligamus
289 982 523 1027 Ecclesiam
551 982 941 1046 haereditatemque
966 982 1161 1028 fidelium
1185 992 1314 1044 atque
1326 998 1454 1027 sanc-

80 1062 243 1103 torum,
269 1070 369 1116 quae
392 1052 554 1098 dicitur
574 1063 614 1097 et
638 1063 748 1098 terra
774 1053 1031 1106 viventium,
1054 1065 1094 1098 et
1111 1070 1209 1116 quae
1234 1052 1362 1097 etiam
1380 1051 1455 1097 illo

80 1121 176 1168 loco
204 1134 317 1167 recte
342 1123 523 1182 intelligi
550 1134 722 1186 potest,
766 1124 925 1169 «Beati
951 1124 1072 1169 mites
1093 1161 1103 1179 ,
1137 1122 1346 1186 quoniam
1370 1121 1454 1185 ipsi

81 1212 100 1231 υ
121 1191 374 1238 haereditate
394 1192 680 1255 possidebunt
709 1193 907 1239 terram¹.
932 1215 950 1234 ›>
979 1194 1091 1239 Cum
1117 1203 1261 1238 autem
1285 1191 1453 1238 dictum

78 1272 208 1317 esset,
235 1284 254 1303 «
277 1264 305 1307 A
329 1263 482 1326 paucis
509 1263 562 1308 de
586 1275 697 1309 terra
721 1263 868 1309 divide
885 1281 979 1309 eos:
1003 1287 1023 1306 2>
1043 1263 1240 1309 additum
1256 1273 1344 1319 est,
1365 1283 1384 1303 α
1401 1263 1452 1307 In

81 1352 100 1372 ›>
118 1331 205 1376 vita
237 1349 385 1377 eorum
406 1350 416 1376 z
440 1354 460 1372 »
494 1343 541 1377 ut
564 1333 608 1377 in
634 1333 858 1378 manifesto
889 1334 1086 1379 futurum
1110 1332 1450 1392 intelligeretur3

79 1400 185 1446 dum
212 1401 286 1447 hic
319 1402 484 1447 vivunt.
528 1402 796 1465 Separantur
830 1404 945 1448 enim
969 1403 1097 1449 multi
1131 1403 1186 1448 ab
1224 1401 1415 1447 Ecclesia
1438 1438 1449 1455 ‚

79 1469 151 1515 sed
177 1487 274 1516 cum
310 1472 579 1526 moriuntur,
605 1472 681 1535 qui
717 1483 860 1518 tamen
883 1490 985 1519 cum
1019 1473 1174 1518 vivunt
1200 1488 1276 1535 per
1309 1487 1452 1516 sacra-

79 1552 324 1588 mentorum
351 1544 704 1589 communionem
742 1545 1004 1607 unitatisque
1047 1543 1279 1589 catholicae
1302 1541 1452 1588 viden-

81 1622 151 1656 tur
170 1613 371 1658 Ecclesiae
389 1613 599 1676 copulati.
631 1614 706 1660 Isti
729 1631 829 1674 ergo
854 1614 981 1660 divisi
1006 1624 1146 1660 sunta
1167 1613 1320 1676 paucis
1336 1649 1347 1668 ‚
1374 1611 1452 1675 qui

78 1698 123 1726 ex
142 1681 225 1727 illis
245 1683 550 1736 crediderunt3
586 1683 640 1729 de
670 1695 782 1730 terra
803 1722 812 1739 ,
837 1702 969 1748 quam
1006 1685 1118 1730 sicut
1148 1700 1297 1744 agrum
1324 1698 1450 1728 suum

78 1751 229 1796 excolit
260 1764 381 1815 pater
412 1753 614 1813 agricola.
647 1754 788 1799 Divisi
823 1765 965 1800 autem
995 1754 1040 1799 in
1067 1755 1157 1799 vita
1184 1770 1285 1808 sua,
1314 1751 1361 1798 id
1389 1761 1451 1796 est

79 1820 154 1866 hic
176 1823 220 1866 in
246 1823 470 1868 manifesto
495 1824 606 1868 sicut
622 1823 832 1869 videmus,
861 1824 1066 1888 Sequitur
1088 1834 1258 1878 autem,
1285 1843 1303 1862 α
1326 1823 1381 1867 Et
1397 1821 1451 1866 de

81 1912 101 1930 ›>
119 1890 385 1937 absconditis
416 1893 501 1938 tuis
521 1893 781 1956 adimpletus
804 1905 866 1938 est
885 1905 1033 1939 venter
1062 1910 1208 1939 eorum
1230 1929 1239 1947 ,
1265 1914 1284 1932 >³
1307 1891 1352 1937 id
1371 1902 1450 1947 est,

79 1971 237 2023 praeter
272 1962 358 2007 hoc
394 1962 512 2026 quod
548 1963 592 2008 iu
619 1963 844 2009 manifesto
875 1963 1002 2010 divisi
1031 1974 1155 2019 sunt,
1197 1963 1325 2009 etiam
1344 1982 1363 2003 α
1386 1963 1451 2007 Ι)6

78 2031 375 2078 »absconditis
417 2034 561 2085 tuis‚»
597 2033 762 2097 quaein
799 2034 973 2080 occulto
1000 2033 1144 2079 reddis
1173 2032 1451 2079 conscientiae

79 2101 316 2157 malorum,
343 2124 363 2143 «
383 2104 653 2166 Adimpletus
675 2115 735 2149 est
760 2115 906 2150 venter
922 2122 1069 2150 eorum
1089 2122 1099 2149 :
1120 2126 1139 2145 »
1162 2114 1354 2149 ventrem
1373 2119 1451 2165 po-

79 2173 164 2216 suit
183 2190 262 2234 pro
286 2173 555 2218 internorum
581 2173 896 2237 latentiumque
915 2173 1100 2220 secretis.

146 2243 219 2289 IV.
252 2243 382 2299 Quod
408 2260 508 2288 vcro
527 2244 720 2306 sequitur
737 2281 747 2299 ,
779 2244 1003 2289 «Saturati
1029 2254 1130 2288 sunt
1150 2241 1364 2306 porcina¹1
1394 2259 1452 2286 z»

73 2316 165 2372 jam
191 2313 297 2376 quid
331 2313 439 2358 mihi
466 2330 513 2358 ex
540 2313 626 2358 hoc
654 2313 875 2360 videretur
908 2315 1072 2377 aperui.
1116 2314 1200 2359 Sed
1225 2312 1345 2376 quod
1378 2311 1452 2357 alii

81 2383 251 2429 codices
270 2384 433 2429 liabent
453 2421 463 2437 ‚
493 2395 534 2428 et
558 2384 700 2429 verius
725 2384 888 2430 habere
907 2385 1224 2448 perhibentur,
1248 2386 1354 2447 quia
1387 2382 1453 2428 di-

80 2453 304 2513 ligentiora
331 2455 610 2517 exemplaria„
630 2472 706 2518 per
729 2467 932 2501 accentus
955 2466 1104 2500 notam
1122 2455 1311 2514 ejusdem
1331 2453 1453 2499 verbi

82 2523 211 2582 gl‘zcci
247 2525 573 2584 ambiguitatem
599 2542 741 2585 graeco
777 2525 997 2571 scribendi
1022 2543 1139 2571 more
1175 2524 1450 2580 dissolvunt,

133 2605 252 2636 1514]
347 2607 525 2628 ·—·,'1=,
585 2607 783 2637 ,1.,”.Ι,,,”
828 2621 832 2627 ,
876 2607 923 2638 Id.
975 2608 1142 2628 .,”,-”
1255 2607 1293 2623 ”,

160 2621 210 2636 ...ι
233 2618 321 2643 ,1.1,
349 2625 369 2641 .,
480 2621 567 2636 ,xm
596 2620 621 2634 Ji
650 2620 705 2636 ⁴³ae
740 2620 830 2649 ibim„
855 2620 880 2638 11
909 2614 972 2639 etun
997 2619 1049 2649 qui
1066 2614 1158 2639 urm
1175 2618 1347 2651 potinum,
