1799 3251
569 269 778 302 EMSTOLA
814 271 940 302 extv.
1372 255 1459 302 105

95 337 149 383 ad
172 342 284 398 juste
315 336 548 383 vivendum
574 354 659 382 non
689 353 764 382 vos
791 336 1002 399 supplicii
1035 345 1172 381 metus
1190 345 1362 395 urgeat,
1389 335 1463 382 sed

98 408 475 454 ducatdelectatio
499 408 777 470 charitasque
800 407 1007 466 justitiae?
1040 408 1096 452 Et
1126 406 1225 452 haec
1250 406 1426 469 quidem
1449 443 1461 463 ,

98 489 309 541 quantum
345 478 451 523 mihi
473 478 658 532 videtur,
687 476 885 522 nondum
910 488 972 522 est
997 476 1215 540 perfecta,
1248 476 1320 521 sed
1350 493 1464 539 quo-

98 549 198 593 dam
223 549 353 594 modo
372 548 517 594 adulta
541 548 719 608 justitia.
734 548 881 610 *Neque
907 548 1021 592 enim
1040 545 1200 591 frustra
1220 547 1466 610 praemitte-

95 629 159 664 ret
193 637 202 664 :
240 641 259 659 «
286 621 537 664 Humanum
579 619 678 664 dico
697 656 707 673 ‚
750 628 930 680 propter
977 617 1276 662 infirmitatem
1325 617 1466 663 carnis

95 709 116 729 ³>
144 701 293 734 vestrae
313 726 322 744 ‚
348 712 365 730 υ
387 689 466 734 nisi
491 690 592 752 quia
619 688 716 751 plus
743 688 905 750 aliquid
927 687 1162 733 dicendum
1183 686 1266 732 fuit
1287 724 1298 742 ,
1322 687 1354 732 si
1371 691 1463 747 jam

93 759 155 804 illi
174 759 280 804 ferre
297 760 548 822 potuissent.
580 759 682 804 Plus
698 760 863 822 quippe
884 758 1098 804 servitutis
1129 757 1312 803 debetur
1329 757 1464 816 justi-

94 829 166 875 ῐῐῑθ.
182 867 191 885 ‚
223 848 350 893 quam
377 841 556 892 peccato
575 830 709 874 solent
734 829 930 874 hominos
954 829 1168 874 exhihere.
1199 829 1309 874 Nam
1332 845 1467 891 poena

94 900 288 963 corporis
312 903 386 945 etsi
425 918 511 945 non
546 919 565 945 a
591 899 814 945 voluntate
833 937 842 954 ,
882 911 1026 944 tamen
1061 909 1235 944 revocat
1259 898 1313 943 ab
1337 916 1467 962 opere

91 972 272 1033 peccati.
301 972 390 1016 Nec
407 970 532 1016 facile
557 971 788 1033 quisquam
805 980 867 1016 est
884 1008 895 1026 ,
922 971 998 1033 qui
1022 969 1166 1032 palam
1188 969 1464 1025 committat,

91 1057 179 1104 quo
218 1041 414 1087 illicitam
446 1052 487 1087 ct
526 1041 798 1086 immundam
840 1041 1056 1105 percipiat
1095 1039 1363 1103 voluptatem
1379 1077 1390 1094 ,
1431 1040 1464 1086 si

91 1111 308 1156 cruciatus
338 1111 545 1156 vindictae
586 1123 750 1156 certum
780 1123 841 1157 est
865 1112 1074 1157 continuo
1105 1121 1339 1157 secuturos.
1363 1114 1465 1156 Jus-

91 1180 186 1226 titia
208 1199 307 1227 vero
323 1183 382 1227 sic
405 1181 588 1227 amanda
603 1193 663 1227 est
676 1220 686 1238 ,
704 1193 751 1227 ut
769 1183 823 1227 al]
841 1185 876 1241 ej
886 1199 931 1227 us
946 1181 1152 1245 operibus
1171 1181 1299 1226 etiam
1317 1197 1466 1244 poenae

91 1251 287 1313 corporis
319 1268 393 1296 nos
417 1252 623 1297 cohibere
656 1269 741 1297 non
773 1250 987 1301 debeant.
1022 1261 1150 1314 atque
1178 1251 1291 1296 inter
1313 1267 1466 1296 manus

91 1320 218 1365 etiam
241 1320 482 1366 crudelium
504 1321 782 1367 inimicorum
810 1321 984 1366 luceant
1001 1338 1130 1384 opera
1150 1331 1295 1366 nostra
1318 1337 1466 1366 coram

91 1390 370 1445 hominihus,
402 1400 451 1435 ut
483 1391 644 1453 quibus
680 1391 850 1454 placere
877 1401 1086 1454 possunt,
1115 1390 1359 1451 glorificent
1382 1391 1471 1436 Pa-

91 1471 199 1506 trem
222 1471 415 1506 nostrum
438 1461 516 1524 qui
535 1461 579 1506 in
595 1461 716 1507 coelis
735 1460 843 1507 est'1.

155 1529 231 1576 Vl.
259 1531 373 1575 Hinc
396 1541 456 1575 est
474 1530 594 1593 quod
612 1530 682 1576 ille
710 1531 966 1579 fortissimus
985 1531 1169 1590 justitiae
1191 1530 1374 1576 dilector
1394 1547 1468 1576 ex-

92 1599 251 1646 clamat
272 1618 283 1644 :
307 1621 327 1641 α
350 1601 458 1658 Quis
482 1618 559 1646 nos
577 1602 797 1664 separabit
812 1619 833 1646 a
848 1601 1062 1646 charitate
1079 1600 1274 1646 Christi?
1301 1600 1468 1646 Tribu-

48 1671 52 1674 ’
93 1691 112 1712 »
135 1670 257 1727 latio,
286 1689 338 1716 an
358 1672 569 1732 angustia,
596 1690 647 1717 an
667 1672 929 1735 persecutio,
953 1689 1005 1716 an
1028 1670 1186 1727 fames,
1206 1689 1259 1716 an
1276 1670 1466 1727 nuditas,

92 1762 113 1782 »
131 1759 184 1786 an
202 1741 464 1804 periculum,
486 1760 537 1787 an
552 1742 749 1802 gladius?
766 1743 889 1787 Sicut
904 1742 1115 1804 scriptum
1135 1752 1222 1786 est:
1247 1741 1465 1797 Quoniam

93 1833 113 1852 »
139 1822 320 1874 propter
333 1822 371 1856 te
390 1812 704 1858 mortificamur
719 1823 806 1858 tota
822 1812 891 1858 die
907 1849 916 1867 ‚
936 1811 1135 1875 deputati
1148 1828 1294 1856 sumus
1307 1821 1355 1856 ut
1369 1828 1468 1857 oves

94 1902 114 1922 »
139 1882 399 1928 occisionis2.
422 1881 505 1926 Sed
523 1882 566 1927 iu
581 1882 649 1927 his
669 1883 872 1927 omnibus
884 1881 1230 1944 supervincimus
1248 1897 1326 1944 per
1344 1897 1463 1938 eum,

92 1972 113 1993 »
137 1952 213 2015 qui
234 1951 381 1996 dilexit
406 1969 496 1997 nos.
526 1952 679 1997 Certus
698 1969 792 1997 sum
813 1952 926 1997 enim
945 1951 1048 2014 quia
1069 1967 1207 2013 neque
1223 1967 1358 2004 mors,
1380 1968 1461 1996 ne-

94 2044 114 2065 »
141 2039 223 2086 que
259 2022 344 2068 vita
362 2059 372 2077 ,
402 2039 538 2085 noque
582 2025 788 2083 AngeIUS‚
818 2040 955 2086 neque
989 2022 1299 2085 Principatus,
1328 2040 1467 2085 neque

94 2116 115 2136 »
141 2095 391 2157 praesentia,
417 2111 554 2156 noque
574 2094 742 2148 futura,
768 2111 907 2157 neque
926 2095 1077 2147 virtus,
1102 2109 1240 2156 neque
1260 2092 1464 2146 altitudo,

94 2187 114 2207 >)
139 2181 277 2227 neque
302 2164 569 2227 profundum
591 2183 600 2209 :
625 2182 761 2228 neque
787 2175 983 2211 creatura
1003 2164 1086 2210 alia
1108 2164 1272 2227 poterit
1296 2181 1372 2209 nos
1396 2181 1465 2210 se-

95 2258 115 2277 »
139 2253 290 2298 parare
323 2254 342 2280 a
369 2235 581 2280 charitate
616 2236 695 2280 Dei
718 2272 728 2291 ‚
757 2253 856 2298 quae
888 2246 946 2280 est
974 2235 1017 2280 in
1045 2234 1221 2279 Christo
1245 2234 1346 2279 Jesu
1373 2235 1465 2280 Do-

94 2327 115 2348 »
135 2306 254 2351 mino
291 2315 437 2350 nostro
453 2305 485 2351 3.
515 2328 533 2346 υ
562 2305 668 2350 Vide
699 2303 1070 2368 quemadmodum
1107 2321 1194 2349 non
1226 2314 1468 2368 utcumque

95 2378 154 2424 ait
178 2395 188 2422 ε
227 2377 334 2434 Quis
371 2393 446 2422 nos
470 2376 688 2439 separabit
712 2393 735 2421 a
761 2376 937 2421 Christo
962 2392 971 2418 :
997 2373 1069 2420 sed
1100 2373 1328 2419 ostendens
1354 2375 1468 2439 undo

95 2447 392 2494 cohaereamus
420 2446 632 2492 Christo:
661 2466 680 2486 «
708 2446 816 2503 Quis
851 2463 953 2501 nos,
989 2444 1160 2508 inquit,
1192 2445 1411 2507 separabit
1444 2464 1468 2491 a

102 2541 122 2563 »
142 2518 354 2564 charitato
374 2516 562 2562 Christi?
577 2540 595 2558 υ
616 2516 983 2577 Charitatcigitur
1000 2515 1198 2572 ChristO,
1214 2531 1299 2561 non
1322 2532 1469 2581 poenae

144 2603 154 2628 ἔ
175 2601 290 2634 Manli.
310 2612 337 2640 v,
358 2603 408 2633 16.
422 2618 465 2624 -—
479 2599 587 2635 212521,
613 2611 727 2640 cum,
750 2613 803 2634 22,
820 2619 863 2626 ——
877 2599 890 2624 3
912 2604 1004 2634 Rom.
1025 2601 1166 2640 v111,35.
