1799 3251
581 257 793 303 ,Erimon
827 259 950 298 CL111.
1376 245 1472 294 223

155 325 277 373 XXI.
308 324 387 373 Ille
403 339 506 370 vero
522 322 800 383 fidentissime
824 324 1003 383 dixerim
1021 361 1032 381 ‚
1059 339 1158 371 eum
1183 323 1259 389 qui
1282 343 1364 389 pro
1388 327 1469 376 ho-

90 395 206 456 mine
235 394 290 441 ad
313 394 401 440 hoc
418 393 672 453 intervenit,
698 411 752 439 ne
775 393 884 451 male
906 393 1049 440 ablata
1073 395 1273 453 restituat
1292 433 1302 451 ,
1331 398 1467 459 etqui

91 466 145 520 ad
172 483 214 511 se
244 464 562 524 confugientem
579 501 590 520 ,
619 474 831 527 quantum
863 464 1042 524 honeste
1067 476 1236 528 potest,
1271 466 1324 512 ad
1348 467 1468 512 resti-

90 535 303 590 tuendum
323 552 411 581 non
435 533 681 597 compellit,
713 535 880 593 ,socium
906 552 991 581 esse
1014 535 1177 594 fraudis
1194 547 1234 582 et
1257 537 1464 584 criminis.

96 607 208 665 Nam
228 604 551 652 misericordius
575 621 704 667 opem
729 615 921 650 nostram
955 605 1113 650 talibus
1138 607 1436 653 subtrahimus
1455 644 1466 663 ,

88 692 226 739 quam
245 674 554 738 impendimuS.
584 673 681 734 Non
699 674 814 719 enim
833 690 961 737 opem
985 674 1091 731 fert,
1113 677 1188 738 qui
1206 677 1260 722 ad
1284 695 1470 740 peccan-

91 744 196 805 dum
235 743 442 804 adjuvat,
467 761 517 789 ac
554 760 643 789 non
676 744 822 807 potius
845 744 1060 804 subvertit
1083 755 1211 809 atque
1235 748 1459 810 opprimit.

90 815 176 875 Sed
205 814 423 878 numquid
459 814 556 876 ideo
592 831 669 860 nos
700 825 776 875 aut
796 814 959 874 exigere
978 852 989 871 ,
1022 826 1096 873 aut
1129 817 1182 861 ad
1211 818 1467 878 exigendum

89 886 280 946 tradere,
303 885 371 933 vel
399 889 625 948 possumus
660 884 727 932 vel
763 884 1001 945 debemus?
1041 886 1222 946 Agimus
1254 899 1468 950 quantum

87 955 348 1020 episcopalis
365 954 548 1001 facultas
567 954 714 1013 datur,
742 966 783 1001 et
803 955 1047 1016 humanum
1068 956 1242 1019 quidem
1270 975 1470 1003 nonnun-

90 1043 222 1089 quam
241 1062 252 1083 ,
274 1025 347 1085 sed
372 1025 556 1071 maxime
574 1042 622 1079 ac
639 1042 808 1088 semper
828 1024 1024 1084 divinum
1041 1025 1262 1086 judicium
1283 1029 1473 1085 commi-

90 1107 256 1153 nantes.
293 1094 497 1145 Nolentes
523 1106 665 1145 autem
696 1094 900 1152 reddere,
927 1112 1036 1158 quos
1067 1097 1268 1144 novimus
1297 1109 1337 1144 et
1360 1098 1470 1145 male

88 1166 342 1229 abstulisse,
367 1176 409 1211 et
432 1164 548 1227 unde
579 1164 765 1213 reddant
792 1165 955 1212 habere
971 1203 983 1223 ,
1007 1167 1250 1226 arguimus,
1274 1168 1471 1231 increpa-

90 1253 214 1294 mus,
240 1247 282 1282 et
312 1236 593 1292 detestamur,
628 1234 840 1298 quosdam
879 1235 1018 1293 clam,
1052 1237 1266 1299 quosdam
1294 1238 1466 1301 palam,

88 1307 205 1367 sicut
220 1306 447 1366 diversitas
467 1323 753 1368 personarum
774 1305 986 1352 diversam
1013 1306 1187 1353 videtur
1212 1325 1335 1371 posse
1354 1310 1469 1361 reci-

91 1394 195 1439 pere
217 1375 506 1429 medicinam,
530 1392 608 1420 nec
631 1375 675 1420 in
707 1375 892 1421 aliorum
922 1377 1165 1439 perniciem
1187 1378 1239 1423 ad
1262 1382 1470 1438 majorem

86 1447 301 1507 insaniam
321 1445 544 1492 concitari.
568 1445 817 1509 Aliquando
834 1447 963 1492 etiam
977 1484 988 1503 ,
1003 1447 1036 1492 si
1049 1464 1112 1493 res
1125 1449 1260 1508 magis
1275 1450 1473 1506 curanda

92 1535 179 1564 non
198 1517 410 1581 impedit,
440 1516 577 1562 sancti
601 1516 743 1562 altaris
765 1518 1071 1563 communione
1094 1519 1333 1581 privamus.

156 1589 300 1649 XXII.
324 1587 484 1634 Verum
511 1604 626 1649 saepe
647 1587 808 1647 accidit
827 1598 874 1634 ut
890 1606 966 1634 nos
981 1588 1157 1643 fallant,
1181 1590 1248 1636 vel
1271 1590 1468 1651 negando

88 1676 134 1718 se
155 1657 402 1715 abstulisse,
431 1657 498 1704 vel
520 1657 775 1716 assirmando
801 1675 842 1704 se
877 1658 992 1708 unde
1011 1659 1237 1719 restituant
1268 1678 1356 1706 non
1390 1661 1469 1721 ha-

88 1718 196 1791 [bere
217 1746 228 1774 ι
256 1744 370 1791 saepe
391 1727 520 1773 etiam
547 1738 585 1772 ct
609 1744 683 1772 vos
702 1727 905 1773 fallimini
929 1728 1151 1791 putandO,
1175 1729 1243 1790 vel
1270 1747 1348 1776 nos
1380 1748 1467 1776 non

94 1816 215 1858 agere
235 1809 284 1844 ut
303 1797 514 1852 reddant,
535 1797 601 1843 vel
622 1798 737 1860 ipsos
764 1797 926 1843 habere
947 1798 1061 1859 unde
1082 1799 1267 1859 reddant
1287 1818 1297 1845 :
1320 1811 1362 1857 et
1380 1818 1469 1846 om-

89 1887 166 1932 ,1¹95
186 1880 260 1929 aut
284 1885 393 1932 pene
417 1884 563 1912 omnes
585 1867 784 1913 homines
807 1885 1002 1914 amamus
1026 1879 1191 1914 nostras
1205 1871 1470 1933 suspiciones

94 1939 161 1985 tel
187 1955 338 1999 §ocare
359 1937 426 1984 xel
451 1937 690 1982 existimare
712 1937 1005 1997 cognitiones,
1044 1940 1221 2001 quando
1251 1941 1471 1986 credibili-

93 2010 177 2061 bus
200 2025 347 2069 rerum
370 2007 500 2069 signis
524 2024 769 2064 movemur,
793 2024 895 2053 cum
915 2007 1141 2055 credibilia
1161 2010 1371 2056 nonnulla
1388 2012 1473 2057 sint

88 2068 227 2142 falsa,
245 2080 358 2125 sicut
371 2076 645 2127 incredibilia
660 2045 870 2123 noniiulla
885 2089 985 2124 sunt
999 2095 1110 2125 vera
1139 2080 1242 2125 Ideo
1259 2069 1472 2143 quosdam

90 2165 464 2212 commemorans,
500 2147 576 2210 qui
599 2158 639 2193 et
673 2147 842 2194 sceleris
872 2165 1051 2212 poenam
1077 2149 1160 2195 sibi
1192 2151 1378 2214 cupiunt
1407 2168 1471 2197 re-

90 2207 244 2276 laxari,
260 2230 302 2265 et
322 2218 367 2264 id
388 2228 568 2282 propter
585 2218 706 2280 quod
725 2218 862 2264 scelus
886 2218 1119 2265 admissum
1138 2231 1199 2266 est
1215 2220 1467 2283 possidere:

96 2289 303 2335 addidisti
327 2299 368 2334 et
395 2287 523 2333 aisti.
545 2308 565 2328 α
588 2288 674 2332 Pro
699 2287 767 2333 his
788 2305 963 2351 quoque
991 2289 1367 2336 interveniendum
1389 2308 1471 2355 pu-

94 2369 160 2421 tat
175 2357 465 2411 sacerdotium
487 2368 690 2403 vestrum.
712 2378 732 2399 2>
758 2358 868 2403 Fieri
889 2358 1002 2403 enim
1022 2370 1188 2422 potest,
1211 2372 1258 2406 ut
1282 2371 1329 2407 tu
1363 2363 1472 2408 scias

90 2428 215 2494 quod
232 2445 309 2490 ego
330 2427 472 2474 nescio
489 2464 500 2484 ,
529 2438 570 2472 et
590 2438 822 2491 propterea
842 2439 993 2491 putem
1021 2446 1103 2492 pro
1127 2429 1271 2494 aliquo
1288 2431 1472 2479 interve-

95 2499 329 2563 niendum,
358 2497 477 2562 quod
503 2515 570 2560 me
588 2497 735 2544 fallere
756 2498 931 2562 potuit,
960 2514 1062 2544 cum
1082 2509 1123 2544 te
1139 2517 1228 2545 non
1249 2502 1469 2566 potuerit,

96 2579 147 2635 111
185 2582 264 2633 ego
299 2584 399 2632 eum
430 2583 521 2631 non
556 2567 730 2614 credam
758 2567 983 2633 'possidere
1023 2569 1143 2633 quod
1172 2581 1218 2622 tu
1253 2571 1475 2639 possidere
