1799 3251
536 269 745 301 EPISTOLA
781 270 874 312 ext.
1340 275 1355 305 1
1367 256 1394 304 3

23 336 152 383 etiam
173 336 289 381 Deus
306 345 410 382 erat.
440 336 607 380 Lumen
623 352 723 395 ergo
745 347 787 381 et
804 339 1003 393 JoauneS,
1022 334 1095 381 sed
1120 335 1202 382 tale
1225 337 1391 390 lumen,

21 404 139 472 quali
156 404 447 450 testimonium
468 403 700 470 perhibet
689 422 781 469 ipse
801 405 1014 451 Dominus
1030 441 1042 461 ‚
1068 404 1248 451 dicens·
1273 427 1293 448 t(
1316 406 1394 453 llle

22 485 150 520 »erat
173 473 348 520 lucerna
383 473 545 522 ardens
566 484 607 519 et
642 473 790 520 lucens
809 474 860 503 1·
850 492 860 519 ι
883 496 904 516 »
940 474 1061 539 quod
1095 485 1135 521 et
1154 475 1391 539 Discipulis

21 545 106 591 suis
137 543 270 589 dixit.
294 565 314 585 <‹
337 545 421 591 Vos
446 544 543 590 estis
564 544 712 589 lumen
738 544 920 590 mundi²
944 563 953 589 τ
980 567 999 586 »
1019 556 1148 609 atque
1172 557 1220 592 ut
1242 557 1389 593 osten-

21 614 138 660 deret
162 614 288 677 quale
323 615 496 670 lumen,
529 624 701 660 secutus
731 614 953 676 adjunxit,
983 636 1003 656 «
1026 616 1163 661 Nemo
1194 615 1393 662 accendit

22 683 282 730 »lucernam
298 722 309 741 ‚
337 696 378 730 et
399 684 526 747 ponit
547 701 640 729 eam
666 684 747 730 sub
769 684 914 730 modio
930 721 941 739 ,
977 684 1052 730 sed
1080 702 1210 748 super
1232 684 1391 731 cande-

22 775 42 796 »
60 753 231 800 labrum
252 792 262 811 ‚
290 765 338 800 ut
360 754 503 800 luceat
521 754 724 799 omnibus
741 754 817 817 qui
855 754 901 800 in
933 754 1064 800 domo
1089 766 1190 800 sunt
1212 773 1222 800 z
1250 756 1308 801 sic
1326 755 1393 801 lu-

23 846 43 866 »
63 834 156 870 ceat
179 824 326 870 lumen
346 836 535 872 vestrum
560 841 707 870 coram
726 824 1021 871 hominibus?
1038 847 1058 866 ›>
1073 827 1172 871 Istae
1191 825 1396 872 similitu-

22 895 140 941 dines
159 895 274 941 datae
297 906 414 954 sunt,
435 908 481 942 ut
505 906 720 961 quantum
735 913 964 959 possumus
981 896 1271 956 intelligamus
1291 918 1313 950 3·
1329 895 1396 943 vel

22 965 55 1012 si
72 965 159 1011 hoc
187 966 384 1012 nondum
422 982 648 1031 possumus
666 1003 676 1021 ‚
721 967 810 1011 sine
845 966 932 1012 ulla
953 966 1226 1012 dubitatione
1245 966 1397 1012 creda-

23 1051 140 1091 mus,
180 1036 367 1082 animam
402 1036 652 1082 rationalem
690 1054 778 1083 non
815 1054 901 1082 esse
940 1048 1142 1083 naturam
1176 1037 1280 1090 Dei;
1320 1036 1395 1082 illa

22 1106 190 1173 quippe
211 1108 580 1154 incommutabilis
602 1118 690 1164 est,
718 1107 791 1154 sed
821 1118 964 1154 tamen
984 1125 1078 1154 eam
1104 1125 1228 1173 posse
1253 1107 1397 1172 parti-

24 1176 214 1243 cipando
238 1177 499 1231 illuminari;
526 1177 717 1224 lucernae
739 1179 904 1242 quippe
923 1178 1100 1225 accendi
1116 1178 1335 1239 indigent,
1356 1188 1398 1223 et

24 1247 215 1307 extingui
246 1258 442 1312 possunt.
481 1247 585 1294 Ideo
621 1248 740 1311 quod
778 1248 940 1294 dicitur
967 1248 1019 1294 de
1044 1252 1233 1304 Joanne,
1255 1269 1275 1288 «
1299 1248 1398 1293 Non

26 1337 47 1357 »
66 1327 156 1362 erat
177 1317 249 1363 ille
271 1317 444 1374 lumen,
468 1339 487 1359 ›>
513 1317 567 1363 ad
599 1318 710 1363 illud
745 1319 921 1382 respicit
953 1318 1120 1373 lumen,
1157 1317 1277 1381 quod
1311 1333 1398 1362 non

24 1387 332 1453 participando
354 1388 643 1444 illuminatur,
671 1388 743 1434 sed
762 1393 850 1448 ejus
877 1388 1213 1453 participatione
1236 1387 1398 1434 illumi-

26 1467 185 1503 nantur
203 1475 302 1521 quae
321 1459 378 1504 ab
395 1458 469 1504 illo
494 1458 811 1506 illuminantur.

91 1528 214 1576 VIII.
258 1529 458 1592 Denique
475 1529 684 1593 sequitur,
712 1550 732 1571 «
747 1531 853 1575 Erat
864 1529 1013 1575 lumen
1031 1546 1181 1577 verum
1200 1551 1221 1572 ›>
1242 1539 1284 1575 et
1306 1538 1399 1574 tan-

29 1615 159 1661 quam
183 1616 494 1662 quaereremus,
511 1600 734 1664 quomodo
753 1600 1065 1647 discerneretur
1081 1600 1229 1646 lumen
1252 1614 1399 1646 verum

29 1685 52 1713 a
77 1667 240 1715 lumine
263 1669 534 1726 illuminato,
558 1670 603 1715 id
625 1681 684 1716 est
715 1670 916 1716 Christus
950 1689 972 1716 a
1007 1670 1196 1727 Joanne,
1224 1691 1243 1710 «
1265 1672 1397 1723 Erat,

30 1761 51 1780 »
71 1738 240 1802 inquit,
269 1739 416 1786 lumen
448 1757 624 1796 verum,
650 1740 771 1803 qnod
806 1740 1023 1785 illuminat
1055 1756 1227 1784 omnem
1250 1737 1401 1784 homi-

31 1831 50 1851 »
71 1826 168 1855 nem
189 1810 430 1856 venientem
453 1810 497 1855 in
523 1810 644 1855 hunc
664 1809 880 1856 mundum
894 1809 928 1857 ¹¹⁸.
953 1832 973 1851 »
993 1810 1039 1855 Si
1061 1826 1231 1855 omnem
1249 1807 1400 1854 homi-

30 1896 151 1935 nem,
181 1896 280 1943 ergo
307 1890 349 1924 et
373 1883 600 1927 Joannem.
640 1880 782 1943 Atque
811 1890 860 1926 ut
892 1881 1025 1941 magis
1048 1878 1245 1925 ostendat
1269 1878 1402 1936 hujus

31 1948 301 1995 divinitatem
313 1949 439 2010 longe
454 1950 756 2013 praestantiore
770 1950 991 2007 distantia,
1009 1972 1029 1991 «
1041 1951 1092 1996 In
1112 1949 1199 1995 hoc
1213 1947 1399 2000 mundo,

32 2043 52 2062 ))
71 2019 236 2083 inquit,
261 2031 350 2066 erat
369 2058 378 2075 ,
400 2031 442 2066 et
466 2020 657 2067 mundus
679 2038 758 2085 per
776 2038 873 2067 eum
889 2019 1029 2067 factus
1052 2031 1130 2077 est,
1155 2030 1195 2066 et
1216 2016 1405 2065 mundus

32 2112 52 2131 »
71 2106 168 2135 eum
191 2107 278 2135 non
295 2090 510 2151 cognovit.
536 2112 555 2131 >2
577 2090 675 2136 Non
696 2090 907 2148 mundus,
938 2091 1015 2154 qui
1034 2108 1113 2154 per
1137 2107 1234 2136 eum
1260 2088 1403 2134 factus

33 2168 115 2215 est,
143 2176 240 2204 eum
271 2177 361 2205 non
391 2160 622 2221 cognovit:
654 2178 794 2224 neque
814 2161 928 2206 enim
952 2161 1087 2206 habet
1107 2160 1195 2206 vim
1221 2173 1407 2218 cognos-

35 2230 160 2276 cendi
179 2246 295 2286 eum,
316 2230 359 2276 ni
365 2231 396 2275 si
415 2230 634 2276 rationalis
655 2242 878 2285 creatura;
898 2231 1095 2296 quamvis
1117 2230 1245 2277 etiam
1268 2244 1403 2273 mun-

36 2299 118 2346 dus
155 2300 232 2345 iste
266 2267 446 2346 v⁹isibilis
470 2318 550 2367 per
585 2318 682 2346 eum
712 2300 851 2347 factus
882 2301 962 2357 sit,
986 2300 1072 2347 hoc
1097 2310 1158 2345 est
1179 2297 1342 2345 coelum
1365 2307 1407 2342 et

37 2381 149 2416 terra
185 2388 196 2415 ε
241 2369 313 2416 secl
359 2370 575 2416 mundum
613 2387 699 2417 non
734 2380 1061 2431 cognoscentem
1107 2366 1405 2435 increpando,

37 2438 296 2501 significavit
319 2439 512 2487 infideleS
532 2440 786 2487 constitutos
803 2441 848 2487 in
866 2440 1050 2489 mundo.

1360 2491 1404 2501 --a

89 2547 99 2569 ¹
121 2549 216 2579 Joan.
236 2558 266 2586 v,
286 2549 342 2582 35.
359 2566 402 2574 —
422 2547 437 2570 ‘²
452 2546 568 2581 Matth.
586 2560 616 2589 v,
637 2555 690 2587 14.
704 2566 750 2574 ·-·
770 2545 884 2583 ³1bid.
911 2551 965 2582 15.
983 2562 1026 2574 -—
1043 2545 1167 2584 ⁴J0w.
1183 2557 1210 2586 ι,
1226 2556 1260 2590 9.
