1799 3251
566 268 779 300 EPISTOLA
815 268 939 301 cL11'1.
1370 275 1462 322 209

84 337 175 382 mul
198 347 240 382 et
257 337 433 400 culpam
452 335 691 398 improbes,
709 345 748 381 et
766 346 967 381 naturam
983 338 1202 401 approbes
1220 376 1229 394 ‚
1255 357 1303 385 ac
1317 357 1460 404 prop-

87 417 197 452 terea
234 407 408 469 culpam
444 407 602 465 justius
635 405 775 451 oderis
791 443 802 461 ‚
838 406 959 469 quod
993 424 1041 453 ea
1072 408 1267 454 foedatur
1304 421 1459 456 natura

84 493 216 539 quam
239 476 394 536 diligis.
426 477 523 521 Non
538 486 599 521 est
614 476 746 535 igitur
763 475 1008 538 iniquitatis
1025 514 1036 534 ‚
1055 478 1127 523 sed
1142 479 1288 541 potius
1305 479 1461 525 huma-

83 547 230 591 nitatis
264 547 464 592 societate
498 545 726 591 devinctus
743 583 754 601 ‚
790 547 867 609 qui
902 559 1134 609 propterea
1169 560 1229 594 est
1267 550 1460 595 criminis

80 627 348 680 persecutor,
375 627 423 662 ut
441 617 495 661 sit
517 615 706 661 hominis
723 615 944 662 liberator.
973 620 1147 663 Morum
1167 637 1299 681 porro
1325 621 1459 665 corri-

81 686 319 747 gendorum
343 687 488 732 nullus
515 686 621 731 alius
642 703 774 750 quam
801 687 845 731 in
868 686 951 731 hac
976 687 1064 732 vita
1091 687 1212 734 locus
1236 700 1298 734 est
1322 707 1332 734 :
1357 707 1457 734 nam

79 758 312 820 posthanc
332 758 516 820 quisque
539 756 585 801 id
609 756 793 801 habebit
810 793 820 811 ,
847 756 968 819 quod
984 757 1030 802 iu
1047 757 1132 803 hac
1157 759 1331 804 sibimet
1348 776 1452 804 con-

79 828 289 890 quisierit.
336 827 439 873 ldeo
468 826 775 889 compellimur
815 827 996 872 humani
1035 829 1200 887 generis
1241 830 1456 876 charitate

77 898 336 944 intervenire
357 915 440 961 pro
465 898 569 953 reis,
599 915 652 943 ne
674 898 801 942 istam
825 898 958 943 vitam
977 898 1037 943 sic
1068 899 1225 945 finiant
1241 917 1319 963 per
1341 918 1453 965 sup-

75 967 284 1030 plicium,
306 978 353 1013 ut
375 985 424 1013 ea
449 968 571 1013 finita
591 984 678 1012 non
698 968 863 1030 possint
885 968 1010 1013 finire
1033 970 1318 1032 supplicium.

141 1037 215 1084 IV.
247 1038 348 1084 Noli
372 1055 472 1098 ergo
497 1038 700 1083 dubitare
724 1038 810 1083 hoc
834 1037 1027 1083 officium
1050 1050 1247 1085 nostrum
1278 1058 1325 1086 ex
1354 1042 1452 1088 reli-

75 1107 198 1167 gione
218 1108 474 1154 descendere
491 1145 502 1165 ‚
525 1125 626 1154 cum
644 1110 762 1154 Deus
781 1108 900 1171 apud
924 1126 1054 1171 quem
1077 1110 1199 1155 nulla
1217 1122 1277 1156 est
1290 1112 1453 1176 iniqui-

75 1189 167 1235 tas,
199 1183 325 1240 cujus
347 1197 515 1226 summa
546 1190 734 1243 potestas
758 1191 847 1236 est,
877 1181 953 1243 qui
980 1197 1067 1225 non
1102 1191 1272 1228 tantum
1309 1183 1450 1246 qualis

74 1250 257 1314 quisque
280 1251 333 1297 sit
356 1251 500 1307 videt,
531 1251 815 1297 verumetiam
840 1251 979 1314 qualis
1007 1251 1181 1298 futurus
1204 1253 1258 1298 sit
1286 1255 1450 1316 praevi-

74 1319 148 1366 det
163 1357 174 1376 ‚
194 1322 269 1384 qui
291 1321 405 1367 solus
423 1331 565 1384 potest
586 1321 631 1366 in
651 1320 894 1380 judicando
913 1338 1000 1366 non
1016 1321 1107 1366 labi
1124 1359 1136 1377 ‚
1155 1323 1257 1384 quia
1280 1325 1324 1368 in
1342 1341 1451 1384 cog-

73 1390 292 1436 noscendo
303 1409 390 1437 non
404 1401 549 1454 potest
558 1390 673 1444 falli3
689 1412 709 1432 «
726 1391 848 1436 Facit
863 1401 1023 1447 tamen,
1038 1391 1151 1437 sicut
1163 1394 1448 1453 Evangelium

73 1481 94 1502 »
115 1460 327 1524 loquitur,
353 1462 484 1507 solem
511 1478 638 1507 suum
673 1461 775 1506 oriri
807 1478 938 1524 super
969 1461 1107 1507 bonos
1141 1472 1182 1507 et
1206 1464 1368 1520 malos,
1405 1476 1448 1511 et

71 1553 92 1575 »
115 1532 230 1595 pluit
249 1550 379 1596 super
395 1536 534 1592 justos
553 1543 594 1578 et
617 1532 815 1592 injustos.
840 1533 1016 1592 »Cujus
1034 1533 1248 1578 mirabilis
1270 1535 1447 1581 bonita-

71 1601 124 1648 tis
147 1613 197 1648 ut
230 1603 364 1649 simus
391 1604 626 1649 imitatores
649 1640 659 1659 ,
692 1603 906 1648 Dominus
941 1602 1143 1648 Christus
1177 1604 1440 1650 exhortans:

70 1692 91 1713 «
113 1672 313 1733 Diligite,
347 1673 516 1737 inquit,
548 1673 748 1718 inimicos
780 1684 965 1725 vestros3
997 1672 1237 1718 benefacite
1258 1674 1338 1729 eis,
1365 1675 1443 1737 qui

70 1763 92 1784 ›>
114 1759 189 1789 vos
210 1743 421 1798 oderunt;
441 1755 482 1789 et
501 1753 620 1788 orate
642 1760 724 1806 pro
747 1742 829 1798 eis,
852 1743 928 1804 qui
949 1759 1023 1787 vos
1036 1754 1354 1806 persequuntur
1369 1763 1379 1800 3
1397 1756 1445 1790 ut

69 1832 91 1853 »
114 1812 203 1857 sitis
224 1813 303 1859 filii
337 1814 477 1859 Patris
507 1813 636 1859 vestri
658 1813 735 1876 qui
757 1813 803 1858 in
828 1813 951 1858 coelis
979 1823 1063 1868 est,
1087 1813 1162 1875 qui
1184 1814 1287 1858 facit
1310 1815 1443 1861 solem

69 1906 90 1928 ³>
114 1902 238 1932 suum
262 1887 366 1932 oriri
393 1903 523 1949 super
544 1886 682 1931 bonos
700 1896 744 1930 et
766 1884 902 1930 malos
921 1922 930 1936 ,
957 1895 998 1929 et
1019 1885 1135 1948 pluit
1160 1902 1289 1948 super
1305 1891 1444 1946 justos

68 1975 89 1996 ›>
113 1966 153 2001 et
171 1955 394 2015 injustosl.
418 1977 438 1997 n
460 1956 555 2001 Hac
574 1954 846 2015 indulgentia
865 1965 906 1999 et
924 1954 1099 2000 lenitate
1118 1955 1264 2002 divina
1286 1958 1442 2003 multos

68 2025 191 2071 abuti
227 2026 281 2072 ad
310 2025 546 2089 perniciem
576 2041 696 2070 suam
737 2025 834 2088 quis
868 2025 1058 2070 nesciat?
1102 2025 1222 2081 Quos
1262 2044 1443 2086 arguens

67 2096 300 2159 Apostolus
315 2134 326 2152 ‚
348 2107 389 2142 et
410 2095 596 2156 graviter
628 2095 857 2158 increpans
871 2132 882 2151 ,
916 2095 1025 2141 dicit
1045 2113 1056 2140 :
1082 2116 1102 2136 «
1121 2097 1348 2143 Existimas
1367 2117 1441 2145 au-

65 2186 86 2207 »
113 2177 195 2211 tem
213 2204 224 2222 ‚
246 2183 270 2212 o
289 2166 424 2212 homo
450 2165 589 2211 omnis
607 2202 618 2221 ‚
646 2165 722 2227 qui
737 2165 909 2224 judicas
935 2182 1005 2210 eos
1027 2166 1105 2228 qui
1129 2166 1230 2212 talia
1250 2180 1383 2227 agunt
1400 2181 1442 2215 et

66 2257 87 2278 ›>
110 2235 215 2282 facis
232 2253 278 2282 ea
294 2273 305 2292 ,
330 2237 537 2299 quoniam
558 2246 604 2281 tu
624 2236 797 2296 effugies
811 2235 1029 2295 judicium
1051 2235 1161 2282 Dei?
1180 2238 1247 2283 An
1269 2238 1441 2286 divitias

66 2327 86 2348 ›>
111 2306 391 2366 benignitatis
412 2310 502 2366 ejus
525 2316 565 2351 et
580 2306 803 2368 patientiae
825 2316 866 2351 et
882 2306 1225 2365 longanimitatis
1246 2320 1438 2355 contem-

65 2397 86 2418 »
110 2377 205 2423 nis?
228 2378 437 2437 Ignorans
461 2377 668 2440 quoniam
685 2376 927 2436 benignitas
952 2376 1031 2421 Dei
1055 2375 1110 2421 ad
1133 2378 1438 2439 poenitentiam

65 2468 86 2489 »
110 2458 151 2492 te
173 2446 381 2494 adducit?
403 2446 652 2493 Secundum
673 2458 815 2493 autem
837 2446 1043 2492 duritiam
1067 2457 1186 2493 tuam
1207 2459 1248 2494 et
1266 2466 1343 2496 cor
1359 2452 1439 2498 im-

65 2539 86 2560 »
104 2519 322 2582 poenitens
340 2518 603 2566 thesaurizas
622 2518 702 2565 tibi
720 2519 828 2565 iram
849 2518 893 2566 in
916 2517 985 2565 die
1002 2518 1079 2564 irae
1101 2529 1142 2565 et
1169 2520 1440 2569 revelationis

111 2604 122 2624 ¹
142 2601 260 2635 Mauh.
278 2614 308 2640 v,
324 2608 379 2640 44.

194 2672 356 2704 cxl-vn.
1252 2661 1307 2715 14
