1799 3251
596 315 808 346 massora
844 316 990 347 CLXIX.
1397 299 1482 345 361

117 383 308 430 didimus
326 419 336 438 ‚
367 397 484 426 nunc
518 380 610 426 aliis
636 379 801 443 aperire
823 379 1059 425 didicimus
1077 417 1087 435 ‚
1125 380 1238 425 viam
1272 378 1491 424 facilitatis

120 453 317 500 uberiore
336 451 671 497 sanctitatistuae
686 468 881 496 sermone
902 451 1120 513 pandente
1144 468 1152 494 :
1174 461 1216 495 et
1235 449 1313 495 alia
1328 465 1486 494 manu:

120 524 390 570 Incolumem
434 522 756 567 beatitudinem
795 533 912 567 tuam
933 559 943 575 ‚
970 523 1192 585 nostrique
1224 537 1458 567 memorem
1480 555 1493 576 ‚

119 592 415 640 misericordia
441 593 518 637 Dei
544 592 680 638 nostri
705 591 920 651 glorificet
943 593 988 637 in
1007 603 1233 638 aeternum.
1251 613 1271 633 »

116 761 173 771 m
182 760 422 771 mxv-usuum.
433 760 502 769 sm«
512 759 799 770 szs-smsss-avsm
807 756 1486 769 νιπΜιἏηπηπ-ΜΜΜΜφ-ΑΜ

547 854 810 898 EPISTOLA
844 854 1020 896 CLXIX
1034 853 1063 895 ¹.

374 983 617 1018 Aumrsnxcs
638 981 860 1031 episcopus,
883 978 1031 1016 Evomo
1051 978 1247 1028 episcopo,

122 1097 401 1152 Augustinus
430 1096 602 1137 Evodio
628 1098 891 1148 respondens
922 1095 981 1135 ad
1006 1095 1116 1135 duas
1141 1093 1423 1147 quoeszt‘ones,
1450 1091 1501 1132 de

187 1163 432 1210 Trinitate,
466 1174 503 1204 et
533 1164 585 1204 de
607 1164 808 1203 columba
833 1165 879 1203 in
902 1178 989 1216 qua
1010 1162 1203 1218 Spiritus
1226 1170 1402 1201 sanctus
1423 1159 1498 1200 de-

184 1241 450 1272 monstratus
461 1242 518 1272 esc
537 1246 548 1272 .·
570 1232 723 1272 (locens
738 1231 1043 1288 (le‘fficiliorum
1056 1228 1356 1284 hujuscemodi
1372 1242 1502 1281 quoes-

183 1301 353 1340 tionum
396 1300 738 1356 intelligentiam
772 1299 960 1339 minime
998 1298 1287 1339 necessariam
1323 1311 1407 1336 esse
1441 1297 1501 1335 ad

182 1368 378 1408 salutem.

190 1502 225 1548 Ι.
253 1501 300 1546 Sl
327 1517 375 1545 ea
394 1516 495 1563 quae
533 1517 600 1545 me
625 1500 759 1560 magis
788 1511 1036 1563 occupant,
1070 1517 1091 1544 a
1120 1500 1282 1562 quibus
1312 1499 1355 1544 in
1382 1497 1498 1544 aliud

126 1571 259 1617 averti
276 1570 378 1615 nolo
394 1607 404 1626 ‚
426 1571 632 1615 sanctitas
656 1582 727 1615 tua
749 1588 870 1616 nosse
889 1570 993 1616 tanti
1007 1570 1160 1625 habet,
1176 1570 1299 1615 mitte
1313 1569 1500 1632 aliquem

125 1641 201 1704 qui
222 1640 304 1685 tibi
331 1640 565 1685 describat.
598 1640 694 1684 Jam
721 1641 834 1685 enim
861 1641 988 1703 plura
1016 1639 1208 1703 perfecta
1243 1650 1369 1695 sunt,
1402 1655 1502 1701 quae

127 1712 214 1757 hoc
244 1728 356 1755 anno
382 1721 478 1755 ante
497 1710 663 1772 pascha
681 1711 1009 1773 propinquante
1026 1710 1357 1772 quadragesima
1380 1727 1403 1754 a
1422 1725 1502 1753 no-

128 1783 196 1828 bis
223 1781 396 1826 fuerant
419 1781 640 1827 inchoata.
674 1783 785 1826 Nam
806 1783 945 1827 tribus
965 1781 1048 1826 illis
1068 1781 1191 1826 libris
1213 1802 1233 1821 «
1253 1780 1506 1826 Decivitate

132 1852 210 1898 Dei
227 1889 237 1901 .
253 1874 273 1894 »
292 1862 442 1896 contra
467 1851 779 1896 daemonicolas
800 1852 999 1897 inimicos
1018 1855 1126 1911 ejus,
1155 1851 1264 1896 duos
1289 1850 1394 1895 alios
1422 1849 1504 1895 ad·-

130 1921 346 1968 didimus:
370 1921 531 1984 quibus
548 1921 743 1984 quinque
760 1921 883 1967 libris
906 1922 1005 1967 satis
1023 1921 1295 1984 disputatum
1320 1920 1507 1965 arbitror

132 1992 337 2038 adversus
384 2008 478 2047 eos,
524 1992 600 2053 qui
636 2002 816 2055 propter
852 1992 1077 2054 praesentis
1111 1993 1213 2036 vitae
1254 1989 1505 2036 felicitatem

132 2062 233 2108 deos
257 2061 461 2108 colendos
496 2072 684 2124 putant,
718 2079 899 2125 eamque
934 2062 1181 2107 felicitatem
1209 2080 1231 2106 a
1265 2061 1392 2106 nobis
1428 2060 1506 2105 im-

133 2133 273 2197 pediri
302 2133 530 2196 opinantes
548 2170 558 2183 ,
584 2133 835 2178 Christiano
869 2133 1036 2178 nomini
1059 2132 1203 2178 infesti
1230 2142 1343 2177 sunt.
1371 2132 1508 2176 Dein-

134 2221 235 2266 ceps
259 2203 493 2248 dicendum
518 2213 578 2248 est
595 2239 606 2257 ‚
637 2203 747 2248 sicut
778 2203 921 2265 primo
945 2203 1059 2248 libro
1083 2202 1271 2265 polliciti
1296 2201 1475 2247 sumus²
1496 2238 1507 2255 ‚

136 2274 339 2318 adversus
358 2291 427 2318 eos
448 2273 523 2336 qui
550 2284 730 2336 propter
758 2275 888 2318 x‘itam
916 2284 1013 2336 post
1033 2284 1214 2318 mortem
1234 2273 1427 2317 futuram
1446 2288 1519 2317 ne-

136 2345 366 2390 cessarium
392 2344 635 2389 existimant
666 2344 834 2390 cultum
869 2344 1050 2389 deorum
1091 2360 1267 2388 suorum
1295 2380 1304 2398 ‚
1335 2352 1518 2405 propter

137 2431 270 2477 quam
294 2415 427 2459 vitam
456 2431 533 2459 nos
559 2414 798 2460 Christiani
828 2431 991 2460 sumus.
1031 2413 1204 2459 Dictavi
1236 2413 1363 2457 etiam
1385 2413 1517 2457 trium

137 2485 411 2530 Psatmorum
435 2485 741 2548 expositiones,
767 2504 854 2531 non
879 2485 1026 2548 parvis
1056 2484 1378 2538 voluminibus,
1399 2500 1516 2528 sexa-

189 2585 198 2605 ¹
221 2584 307 2615 Alias
325 2596 383 2615 ct1.
404 2596 474 2626 quae
489 2591 592 2616 autem
615 2586 677 2624 169
693 2593 771 2618 erat,
794 2596 879 2616 nunc
899 2588 951 2617 35.
968 2603 1013 2608 —·
1031 2585 1152 2627 ¹<cripta
1171 2589 1308 2615 exeunte
1321 2594 1372 2613 an.
1393 2584 1517 2617 415.—

139 2639 153 2660 2
172 2642 217 2671 De
231 2640 372 2670 civitate
392 2641 465 2679 Dei,
481 2640 536 2671 lib.
557 2653 585 2674 1,
601 2652 669 2683 cap.
687 2643 740 2671 36.
