1799 3251
375 290 434 335 30
791 300 825 327 ⁵.
873 295 1112 327 mensum
1148 292 1355 324 EPISCOPI

371 367 490 414 aliud
508 365 661 411 volunt
681 380 765 409 esse
785 361 1036 416 christiani,
1066 360 1148 405 nisi
1173 370 1221 404 ut
1248 358 1381 418 hujus
1405 357 1507 404 vitae
1536 357 1742 404 felicitate

372 438 675 502 perfruantur,
718 433 903 494 ideoque
937 431 1011 476 illa
1035 430 1261 476 deficiente
1293 428 1516 475 deficiunt.
1557 428 1677 485 Quid
1707 429 1741 474 si

374 527 461 555 non
495 508 539 553 in
576 508 670 568 ipso
714 513 859 548 nostro
897 501 1040 564 capite
1075 511 1164 545 tam
1207 500 1371 558 insigne
1411 499 1742 545 constitueretur

372 577 635 641 exemplum,
669 590 756 638 quo
777 573 1038 617 disceremus
1057 587 1137 634 pro
1163 569 1413 615 coelestibus
1435 579 1603 622 terrena
1628 586 1741 614 con-

373 661 586 701 temnere,
617 663 705 691 non
737 644 1011 707 respicientes
1044 658 1143 705 quae
1164 640 1391 695 videntur,
1425 639 1497 685 sed
1523 657 1623 703 quae
1653 655 1742 686 non

371 720 607 767 videntur?
636 739 655 758 «
683 716 793 771 (θυῖε
813 714 926 759 enim
955 712 1183 768 videntur,
1205 710 1460 774 temporalia
1483 721 1584 757 sunt
1606 729 1616 756 :
1643 727 1742 774 quae

376 811 396 833 2>
417 801 556 836 autem
581 805 667 833 non
691 786 894 832 videntur
918 794 1077 829 aeterna
1092 782 1125 829 1.
1145 803 1165 824 ³>
1185 782 1306 838 Quos
1328 782 1372 827 in
1391 799 1433 827 se
1457 782 1640 828 vocibus
1657 782 1744 829 illis

373 861 673 920 transfigurare
697 857 896 916 dignatus
920 865 994 901 est.
1020 855 1130 899 Nam
1152 863 1366 916 quantum
1388 851 1442 898 ad
1467 852 1609 916 ipsum
1639 855 1741 900 atti-

371 942 469 986 net,
496 927 718 994 quomodo
739 926 867 972 vellet
883 924 1060 970 liberari
1086 925 1140 969 ab
1166 924 1238 968 illa
1256 923 1366 968 hora
1387 959 1396 978 ‚
1419 923 1494 986 qui
1515 934 1741 987 propterea

369 1011 541 1048 venerat
560 1000 604 1045 in
623 998 741 1043 illam
768 997 953 1042 horam?
992 997 1079 1041 Aut
1107 993 1329 1058 quomodo
1363 993 1424 1039 sic
1447 993 1737 1058 loquebatur,

369 1072 489 1135 quasi
507 1069 626 1133 quod
650 1068 781 1113 nollet
800 1067 836 1112 ei
863 1066 1104 1119 accideret,
1133 1082 1231 1110 cum
1254 1074 1509 1128 potestatem
1535 1065 1742 1112 habuerit

371 1141 559 1204 ponendi
589 1139 774 1183 animam
809 1154 927 1182 suam
952 1159 962 1193 ς
996 1148 1037 1182 ct
1067 1137 1223 1181 iterum
1268 1135 1464 1181 sumendi
1494 1153 1587 1181 eam
1610 1173 1620 1192 ‚
1662 1154 1741 1183 nec

370 1228 460 1256 eam
487 1210 715 1272 qnisquznn
746 1206 913 1251 tolleret
939 1207 994 1251 ab
1018 1206 1092 1251 illo
1112 1243 1121 1261 ‚
1157 1205 1227 1251 sed
1250 1223 1343 1251 eam
1370 1207 1462 1269 ipse
1493 1217 1674 1269 poneret
1700 1216 1740 1253 et

368 1289 597 1326 resumeret
617 1315 626 1326 .
664 1278 774 1322 sicut
802 1277 846 1321 in
880 1274 1112 1335 Evangelio
1130 1275 1297 1321 dicit2?
1319 1276 1400 1321 Sed
1427 1276 1581 1339 procul
1600 1276 1739 1323 dubio

371 1368 447 1396 nos
484 1350 528 1394 in
561 1348 644 1393 illis
673 1347 855 1392 vocilius
877 1363 1071 1402 eramus,
1099 1357 1139 1391 et
1173 1357 1306 1409 caput
1335 1363 1416 1409 pro
1442 1364 1520 1392 suo
1557 1364 1740 1411 corpore

369 1420 646 1483 loquebatur,
678 1434 762 1462 non
784 1417 1002 1476 disjuncta
1029 1417 1341 1476 significatione
1362 1417 1505 1476 vocis,
1530 1418 1607 1464 ubi
1630 1435 1758 1464 con-⁴

368 1490 487 1535 nexio
508 1506 592 1533 non
615 1487 877 1546 disjungitur
899 1487 1089 1533 unitatis.

431 1561 569 1606 XXX.
605 1558 800 1620 Denique
823 1558 867 1602 in
903 1557 1075 1603 Psalmo
1106 1558 1320 1621 sequitur,
1349 1569 1390 1605 et
1419 1576 1544 1605 orans
1566 1560 1739 1606 adverte

366 1630 473 1694 quid
492 1630 637 1675 dicat:
665 1648 684 1669 <c
707 1628 926 1683 Quoniam
945 1664 954 1681 ‚
978 1627 1146 1690 inquit,
1172 1629 1383 1675 extraxisti
1404 1646 1471 1675 me
1489 1629 1542 1675 de
1569 1640 1734 1686 ventre,

366 1724 387 1743 »
402 1719 495 1764 spes
520 1719 611 1746 mea
635 1699 689 1744 ab
703 1699 910 1744 uberibus
932 1700 1076 1744 matris
1097 1716 1218 1746 meae.
1251 1702 1300 1744 ln
1322 1703 1557 1759 tejactatus
1583 1718 1675 1746 sum
1690 1719 1737 1747 ex

366 1794 386 1813 »
401 1784 538 1827 utero,
552 1771 604 1815 de
617 1780 762 1815 ventre
774 1770 920 1815 matris
936 1786 1039 1815 meae
1062 1770 1175 1815 Deus
1195 1787 1311 1815 meus
1322 1786 1363 1815 es
1373 1781 1421 1816 tu
1436 1770 1453 1798 ³
1469 1789 1509 1816 t»
1529 1782 1736 1835 tanquam

367 1842 552 1887 diceret:
570 1841 632 1884 De
653 1839 805 1893 aliare,
822 1850 861 1884 ct
877 1840 932 1883 ab
953 1839 1033 1884 alia
1051 1840 1158 1885 rein
1179 1839 1304 1885 aliam
1324 1857 1413 1885 rem
1433 1843 1733 1902 metrajecisti‚

369 1923 417 1957 ut
436 1922 480 1956 tu
491 1911 543 1956 sis
563 1909 669 1955 mihi
685 1909 848 1953 bonum
859 1946 869 1964 ,
883 1926 964 1972 pro
977 1910 1153 1955 terrenis
1167 1910 1293 1955 bonis
1308 1911 1576 1957 mortalitatis
1590 1912 1736 1973 hujus,

368 1993 499 2039 quam
517 1975 560 2020 in
582 1974 729 2019 matris
748 1984 892 2018 ventre
907 1974 1080 2019 sortitus
1098 1991 1190 2019 sum
1209 1980 1332 2035 cujus
1351 1976 1484 2022 ubera
1501 1977 1604 2024 suxi.
1628 1979 1735 2024 Haee

367 2046 480 2091 enim
501 2054 685 2089 vetustas
709 2054 787 2097 cst,
816 2044 868 2088 de
893 2061 977 2106 qua
994 2061 1060 2088 me
1087 2055 1129 2089 tu
1156 2046 1367 2091 extraxisti
1383 2066 1393 2100 ;
1411 2046 1537 2092 etilla
1552 2047 1735 2093 carnalis

365 2115 598 2161 nativitatis
614 2115 727 2158 bona
740 2125 855 2170 sunt,
875 2133 895 2159 a
913 2116 1071 2177 quibus
1089 2126 1132 2160 tu
1147 2133 1241 2178 spes
1257 2134 1425 2171 meaes3
1442 2117 1542 2164 inde
1554 2119 1667 2164 enim
1680 2118 1734 2164 ad

366 2197 406 2232 te
424 2201 651 2231 conversus
674 2201 719 2228 sn
730 2202 786 2228 m.
810 2206 826 2223 c<
851 2186 901 2229 Et
915 2203 960 2229 ex
981 2196 1118 2239 utero,
1139 2186 1213 2231 »id
1227 2189 1388 2251 est,qui
1405 2206 1450 2234 ex
1470 2188 1537 2233 his
1554 2189 1598 2234 in
1614 2199 1734 2236 utero

364 2255 569 2302 inchoavi
590 2292 600 2310 ‚
629 2276 646 2294 α
673 2255 717 2298 ln
742 2258 982 2314 tejactatns
1001 2272 1094 2300 sum
1111 2292 1119 2309 ‚
1139 2277 1159 2297 ³>
1183 2257 1236 2301 ad
1257 2267 1296 2302 te
1315 2258 1478 2303 scilicet
1503 2259 1727 2316 transiens,

366 2338 502 2373 totum
533 2343 599 2371 me
628 2326 706 2370 tibi
741 2327 1025 2373 committens.
1062 2327 1250 2390 Ideoque
1281 2350 1299 2369 α
1323 2331 1386 2374 De
1412 2340 1559 2375 ventre
1584 2331 1731 2376 matris

365 2415 495 2452 meze,
520 2396 602 2440 »id
626 2407 685 2441 est
718 2395 770 2440 de
802 2396 926 2441 bonis
958 2397 1098 2442 carnis
1117 2434 1127 2447 ,
1155 2415 1285 2460 qnam
1309 2401 1472 2462 sumpsi
1501 2401 1545 2445 in
1578 2412 1731 2447 ventre

363 2467 510 2513 matris
531 2483 636 2511 meae
655 2503 664 2519 ‚
690 2488 708 2506 «
731 2467 842 2511 Deus
862 2484 977 2512 meus
995 2485 1036 2512 cs
1062 2478 1124 2522 tu,
1148 2490 1166 2509 »
1189 2480 1233 2514 ut
1251 2469 1304 2515 de
1323 2469 1390 2514 his
1419 2481 1464 2515 tu
1483 2471 1537 2516 sis
1561 2471 1727 2517 bonum

361 2554 504 2584 meum
529 2554 539 2581 2
567 2553 613 2581 ea
636 2536 853 2581 locutione
877 2536 1044 2582 dictum
1075 2549 1137 2583 est
1154 2576 1164 2589 ,
1202 2557 1252 2585 ac
1275 2541 1307 2585 si
1331 2540 1548 2587 diceretur
1566 2578 1577 2598 ,
1605 2542 1729 2588 verbi

407 2628 416 2649 ¹
436 2637 452 2657 2
472 2628 545 2659 Cor¹
564 2636 609 2663 iv,
630 2626 679 2655 18⁴
698 2642 741 2648 —
757 2621 879 2658 2Joan.
896 2635 928 2667 x,
949 2628 998 2657 18.
1016 2641 1061 2648 —
1075 2623 1187 2661 ³1’sal.
1207 2637 1275 2668 xm,
1298 2640 1351 2663 ιο,
