1799 3251
566 296 773 325 EPtSTOLA
811 297 903 326 etv,
1350 287 1437 348 9537

69 368 115 414 hi
137 405 148 421 ,
172 363 398 431 quibusvis
430 372 477 407 ut
502 361 612 406 bene
633 362 709 416 sit,
734 361 838 407 salvi
863 362 944 406 sint
971 379 1171 426 corpore,
1193 374 1231 409 et
1251 365 1305 410 ab
1321 367 1438 411 omni

71 442 328 499 cujusquam
357 431 640 495 improbitate
665 433 745 476 tuti
762 441 890 494 atque
914 433 1058 494 pacati
1079 471 1088 486 ‚
1118 433 1310 480 habeant
1329 435 1439 480 filios

68 508 179 553 sicut
199 504 388 552 novellas
413 501 708 549 constabilitas
725 538 735 556 ,
763 501 872 547 filias
891 513 1061 548 ornatas
1090 503 1202 549 sicut
1232 505 1438 550 similitu-

68 577 212 622 dinem
238 573 386 637 templi
410 610 419 628 ,
455 571 626 616 cellaria
655 570 781 634 plena
807 573 1048 618 eructantia
1072 590 1118 618 ex
1138 573 1222 620 hoc
1247 574 1292 619 in
1315 574 1401 620 hoc
1430 612 1438 626 ,

68 645 298 692 foecundas
323 660 439 689 oves.
463 658 622 687 crassas
642 642 772 687 boves
798 679 807 697 ,
833 658 911 686 nee
936 642 1135 688 maceriae
1148 645 1274 689 ruina
1294 644 1441 689 defor—

69 727 156 762 met
181 714 397 779 praedium
421 750 430 768 ,
458 729 535 757 nec
568 711 828 771 litigantium
857 711 1022 757 clamor
1046 725 1245 775 personet
1271 715 1315 759 in
1342 715 1442 777 pla—

66 787 144 832 teis
169 802 350 839 eorum3
385 784 443 829 ita
470 799 557 828 non
583 793 711 828 erunt
735 799 847 828 verae
875 782 1058 829 virtutes
1080 794 1167 829 tuae
1186 821 1195 839 ,
1224 784 1336 830 sicut
1364 801 1441 830 nee

66 858 248 903 istorum
287 853 528 900 beatitudo.
555 854 639 898 Hic
686 854 807 899 enim*
830 853 884 898 ad
919 870 1067 899 verum
1101 854 1337 900 dicendum
1372 855 1444 900 illa

70 944 165 973 mea
194 924 472 980 verecundia,
499 941 630 986 quam
651 924 696 969 in
723 935 795 969 tua
827 923 1021 987 Epistola
1044 925 1231 984 benigno
1253 943 1445 971 sermone

66 998 272 1054 laudasti,
307 995 603 1059 meimpedire
630 1013 716 1040 non
737 995 881 1042 (lebeti
912 995 958 1041 Si
983 996 1192 1059 quaelibet
1211 1033 1220 1050 ,
1243 997 1439 1060 inquam,

68 1067 386 1114 administratio
409 1077 498 1119 tua,
527 1065 612 1111 illis
636 1083 744 1129 quas
762 1067 1098 1112 commemoravi
1116 1067 1326 1113 instructa
1352 1069 1442 1113 vir-

73 1138 256 1192 tutibus,
286 1138 373 1183 hoe
399 1136 647 1182 intentionis
691 1137 775 1181 fine
807 1136 1141 1191 determinatur,
1168 1148 1213 1182 ut
1250 1138 1446 1183 homines

71 1208 308 1254 secundum
329 1224 499 1253 carnem
518 1205 657 1251 nullas
674 1206 846 1269 iniquas
865 1206 1081 1252 molestias
1095 1208 1348 1270 patiantur3
1371 1226 1446 1254 nec

75 1278 127 1324 ad
149 1289 186 1324 te
205 1279 417 1324 existimas
439 1276 670 1340 pertinere,
691 1294 779 1340 quo
800 1277 925 1322 istam
945 1278 1150 1340 quietem,
1175 1295 1304 1340 quam
1327 1295 1445 1341 prae-

74 1361 185 1395 stare
211 1349 357 1394 niteris
379 1386 388 1403 ‚
421 1346 605 1393 referant
622 1383 632 1403 ‚
653 1347 694 1392 id
716 1359 777 1392 est
799 1385 809 1403 ‚
840 1348 916 1409 (ut
945 1347 1087 1393 verbis
1115 1365 1202 1393 non
1223 1350 1411 1394 ambiam
1435 1350 1451 1411 ᾖ

74 1418 298 1484 quomodo
329 1420 464 1462 Deum
488 1433 639 1462 verum
660 1454 669 1470 ‚
697 1417 772 1462 ubi
790 1427 851 1462 est
865 1416 1025 1479 quietae
1046 1419 1148 1463 vitae
1173 1419 1311 1463 omnis
1326 1418 1451 1464 fruc-

78 1502 168 1545 tus,
198 1489 358 1543 rulant.
390 1488 497 1533 nihil
520 1487 598 1532 tibi
620 1487 794 1550 prodest
820 1486 875 1533 ad
898 1487 1031 1534 vitam
1054 1505 1148 1533 vere
1165 1488 1336 1534 beatam
1354 1500 1453 1535 tan-

80 1572 147 1606 tus
164 1560 302 1606 labor.

147 1631 223 1676 M.
241 1628 581 1674 luvereeundius
594 1629 679 1674 hoe
693 1629 836 1674 dicere
847 1628 1013 1685 videor,
1026 1639 1066 1674 et
1080 1629 1456 1693 oblitusquodam-

83 1700 215 1746 modo
257 1698 613 1745 consuetudinem
657 1699 1008 1744 intercessionum
1058 1716 1267 1746 mearum.
1314 1701 1396 1745 Sed
1428 1702 1460 1745 si

85 1772 195 1818 nihil
219 1783 280 1816 est
301 1769 558 1816 verecundia
580 1807 589 1824 ‚
613 1769 693 1814 nisi
721 1769 899 1832 quidam
924 1769 1185 1832 displicendi
1212 1781 1363 1828 metus,
1383 1789 1460 1831 ego

87 1844 129 1888 in
158 1842 238 1886 liae
262 1858 387 1887 causa
416 1839 646 1885 metuendo
682 1857 766 1885 non
791 1857 954 1885 vereor.
986 1841 1133 1886 Metuo
1151 1841 1263 1886 enim
1285 1860 1338 1887 ne
1365 1844 1461 1905 pri-

89 1929 208 1959 mum
226 1914 317 1957 Deo
332 1949 341 1967 ‚
370 1910 526 1956 deinde
551 1911 634 1973 ipsi
655 1911 873 1966 amicifiae,
901 1928 1033 1973 quam
1051 1928 1221 1957 meeum
1249 1913 1355 1957 inire
1373 1913 1464 1971 dig-

90 1994 216 2029 natus
237 1998 303 2035 es.
330 1985 428 2040 Jure
452 1980 704 2044 displiceam
725 2017 735 2033 ,
763 1981 794 2025 si
821 1980 964 2025 minus
987 1980 1097 2026 liber
1123 1982 1167 2027 in
1194 1981 1466 2028 admonendo

90 2053 241 2107 fuero.
287 2051 402 2114 quod
432 2068 498 2095 me
536 2050 765 2096 admonere
805 2050 1084 2096 saluberrime
1121 2052 1326 2099 existimo.
1375 2054 1464 2098 Sim

94 2134 206 2169 certe
227 2121 530 2173 verecundior,
551 2138 650 2166 cum
673 2122 752 2166 tibi
771 2139 851 2184 pro
875 2121 965 2166 aliis
985 2122 1228 2168 intercedo:
1248 2141 1346 2169 cum
1369 2141 1467 2170 vero

95 2211 177 2257 pro
204 2204 242 2238 te
262 2193 385 2255 ipso,
416 2202 534 2236 tanto
558 2192 734 2237 liberior
767 2203 931 2255 quanto
966 2193 1173 2246 amicior3
1213 2194 1314 2256 quia
1351 2205 1469 2239 tanto

99 2258 277 2303 amicior
315 2267 477 2319 quanto
519 2256 689 2302 fidelior
720 2275 728 2301 :
759 2274 1008 2320 quanquam
1041 2258 1135 2302 haec
1166 2259 1258 2320 ipsa
1291 2276 1379 2304 non
1400 2259 1471 2304 di-

99 2345 238 2374 cerem
257 2364 267 2381 -,
295 2326 375 2371 nisi
401 2327 686 2371 verecundius
718 2344 899 2386 agerem.
936 2349 955 2367 «
973 2332 1086 2386 Quae
1119 2328 1150 2371 si
1176 2329 1357 2373 maxima
1382 2340 1442 2375 est
1459 2367 1469 2384 ‚

102 2409 151 2444 ut
201 2399 290 2460 ipse
332 2397 538 2458 scripsisti
562 2434 571 2451 ,
625 2397 868 2443 difficilium
906 2398 1016 2442 inter
1055 2398 1191 2442 bonos
1228 2398 1441 2453 efficacia3
1458 2423 1477 2441 »

104 2468 281 2528 adjuvet
306 2484 372 2512 me
394 2484 474 2529 pro
499 2478 538 2512 te
566 2467 684 2531 apud
710 2478 765 2522 te,
795 2479 843 2513 ut
870 2469 913 2513 in
941 2467 1016 2512 illo
1041 2478 1081 2512 te
1104 2468 1238 2523 fruar,
1267 2469 1341 2531 qni
1365 2470 1473 2515 mihi

105 2539 221 2585 hanc
261 2538 312 2584 ad
343 2549 383 2583 te
418 2541 596 2596 januam
636 2538 930 2601 fiduciamque
964 2539 1201 2601 praestitit:
1238 2542 1476 2601 praesertim
