1799 3251
290 281 384 339 344
710 296 746 325 s.
791 294 1032 325 auersum
1071 293 1273 322 EPISCOPI

288 363 370 409 riat
390 362 519 409 etiam
545 360 849 425 pulsantibus;
875 358 997 406 nullo
1030 357 1159 404 modo
1187 357 1390 406 adversus
1419 374 1519 405 eum
1557 374 1660 405 mu-

288 451 459 481 murare
476 433 726 479 debeamus.
759 431 937 477 Memini
955 431 1076 494 prius
1091 430 1194 493 ipsis
1217 429 1433 493 Apostolis
1450 429 1617 475 dictum
1648 446 1659 475 τ

288 525 309 546 «
327 504 467 551 Multa
485 503 627 549 habeo
649 502 772 547 vobis
796 500 955 553 dicere,
977 501 1048 547 sed
1073 518 1160 545 non
1178 501 1354 562 potestis
1377 500 1451 545 illa
1487 510 1664 563 portare

290 596 312 618 n
344 574 489 621 modo.
519 595 538 615 ³>
560 575 610 618 In
628 573 714 629 his,
742 582 957 636 quantum
983 572 1035 617 ad
1057 589 1125 617 me
1143 571 1311 626 attinet,
1329 572 1457 617 etiam
1476 572 1563 617 hoc
1581 570 1663 616 de-

286 656 452 709 putem.
494 646 646 707 Neque
674 643 751 705 qui
770 643 855 688 hoc
872 643 1005 688 sciam
1033 659 1099 687 me
1121 642 1321 702 indigner
1342 643 1590 703 indignum,
1611 659 1667 688 ne

287 716 374 761 hoc
399 716 494 778 ipso
521 714 647 759 etiam
675 713 912 758 convincar
933 712 1168 772 indignior.
1195 713 1335 759 Multa
1361 714 1474 759 enim
1497 713 1578 759 alia
1606 712 1667 758 si-

287 785 447 831 militer
462 783 622 838 nescio,
644 799 744 845 quae
762 799 1101 828 commemorare
1115 781 1180 827 vel
1198 799 1449 828 enumerare
1468 800 1554 827 non
1570 798 1668 845 pos-

288 872 398 902 sum.
434 856 487 900 Et
512 855 598 900 hoc
619 854 902 899 tolerabiliter
936 853 1196 912 ignorarem,
1238 854 1320 899 nisi
1357 864 1591 899 metuerem
1615 868 1668 897 ne

290 924 435 988 aliqua
458 924 638 969 istarum
665 923 922 985 opinionum
948 934 1098 968 contra
1116 922 1244 978 illud‚
1270 922 1403 979 Quod
1424 922 1669 968 firmissima

287 995 522 1040 retinemus
547 993 649 1048 fide,
682 993 868 1037 incautis
904 993 1131 1055 obreperet
1166 993 1400 1039 mentibus.
1441 991 1524 1038 Sed
1548 1001 1670 1036 ante-

290 1081 423 1128 quam
445 1064 578 1109 sciam
619 1079 823 1126 quaenam
849 1080 996 1108 earum
1016 1063 1160 1125 potius
1181 1062 1375 1122 eligenda
1395 1063 1467 1117 sit,
1491 1062 1578 1107 hoc
1604 1077 1672 1106 me

288 1151 377 1181 non
396 1145 551 1180 temere
567 1133 723 1178 sentire
738 1133 962 1196 profiteor,
993 1150 1102 1189 eam,
1119 1149 1220 1196 quae
1239 1150 1338 1178 vera
1362 1143 1440 1188 est,
1469 1149 1557 1177 non
1583 1130 1668 1177 ad-

292 1204 451 1251 versari
481 1204 772 1250 robutissimae
799 1220 848 1249 ac
871 1203 1185 1249 fundatissimae
1208 1203 1327 1259 fidei,
1372 1220 1458 1266 qua
1506 1201 1675 1248 Christi

290 1274 484 1320 Ecclesia
502 1291 581 1319 nec
601 1273 805 1336 parvulos
825 1273 1024 1319 homines
1046 1274 1335 1319 recentissime
1357 1284 1480 1319 natos
1499 1290 1521 1318 a
1546 1271 1674 1318 dam-

294 1345 472 1391 natione
494 1343 647 1401 credit,
685 1344 765 1389 nisi
802 1361 880 1407 per
905 1344 1090 1404 'gratiam
1116 1344 1302 1390 nominis
1322 1343 1506 1400 Christi,
1542 1358 1676 1407 quam

292 1415 338 1460 in
366 1414 452 1460 suis
468 1414 744 1461 sacramentis
758 1413 1098 1471 commendavit,
1119 1432 1243 1478 posse
1267 1414 1458 1462 liberari.
1651 1407 1662 1411 ’

993 1558 1213 1576 0.---

562 1634 646 1679 DE
701 1634 1109 1680 SENTENTIA
1164 1632 1420 1679 JACOBI

895 1751 1095 1789 LIBER

970 1868 1023 1889 3811

729 1953 990 1996 EPISTOLA
1026 1952 1214 1995 CLXVII
1234 1953 1265 1995 ¹.

311 2079 590 2134 Augustinus
615 2079 909 2138 Ile'eronfmo,
950 2081 1000 2121 de
1030 2082 1117 2122 loco
1140 2080 1218 2135 qui
1247 2088 1306 2120 est
1337 2078 1496 2120 Jacobi
1529 2092 1582 2125 ιι,
1617 2092 1679 2119 10.

371 2145 454 2196 Qui
489 2145 712 2187 offenderit
737 2146 776 2187 in
812 2161 916 2194 uno,
943 2147 1075 2189 sactus
1098 2155 1159 2188 est
1180 2145 1369 2188 omnium
1390 2160 1485 2186 reus
1511 2160 1519 2185 ε
1545 2143 1686 2184 malm

371 2212 616 2253 admiscens
654 2212 704 2253 dc
740 2213 925 2262 Stoicis,
970 2216 1047 2269 qui
1083 2215 1290 2255 docebant
1318 2214 1471 2254 omnia
1509 2220 1686 2268 peccata

369 2295 453 2321 esse
471 2280 605 2336 paria
625 2295 637 2321 .·
656 2291 693 2321 ec
713 2282 907 2335 quisquis
934 2283 1107 2323 haberet
1128 2296 1263 2323 unam
1285 2282 1512 2328 virtulem,
1533 2278 1687 2321 habere

368 2362 539 2398 omnes;
562 2347 639 2401 qui
660 2359 825 2391 careret
852 2366 960 2401 una,
991 2351 1162 2392 nullam
1183 2349 1351 2391 habere.

376 2474 410 2518 Ι.
429 2471 564 2528 QUOD
581 2471 633 2517 ad
653 2483 690 2517 te
710 2474 877 2538 scripsi,
893 2474 1268 2521 honorandemihi
1292 2474 1337 2520 in
1358 2472 1532 2521 Christo
1551 2470 1686 2519 frater

363 2566 373 2588 ¹
398 2569 493 2598 Joan.
514 2575 565 2597 xv:
584 2589 591 2603 ‚
622 2577 672 2599 12.
698 2585 741 2591 -
762 2566 776 2589 '²
798 2569 884 2601 Alias
912 2581 983 2602 xxxx
1015 2581 1084 2612 quae
1115 2575 1220 2601 autem
1254 2571 1312 2608 167
1336 2573 1423 2608 erat,
1455 2577 1538 2599 nune
1562 2568 1614 2607 89.
1643 2584 1688 2590 —-

313 2621 435 2664 Scripta
452 2618 564 2653 eodem
583 2624 738 2664 tempore.
