1799 3251
328 273 420 318 528
726 289 762 316 S.
807 288 1052 318 AUGUSTINI
1089 287 1292 317 EPISCOPI

325 352 403 411 huj
413 368 460 396 us
483 367 681 397 essemus.
711 350 816 396 Ideo
836 351 962 396 nobis
977 368 1087 414 opus
1108 351 1192 397 fuit
1213 350 1330 396 nasci
1350 361 1390 396 et
1410 352 1578 397 renasci
1604 369 1614 396 :
1639 350 1703 397 illi

326 431 468 467 autem
495 431 675 484 propter
706 437 785 465 nos
807 420 1113 466 tantummodo
1142 420 1275 466 nasci.
1313 421 1401 466 Nos
1418 422 1532 466 enim
1557 439 1580 466 a
1596 438 1706 484 pec-

326 503 423 538 cato
463 492 518 537 ad
549 493 764 551 J'ustitiam
799 492 1061 537 renascendo
1095 491 1326 537 transimus
1360 509 1370 536 :
1412 491 1485 536 ille
1510 502 1651 537 autem
1684 509 1708 536 a

325 561 447 608 nullo
489 573 670 625 peccato
713 561 766 607 ad
795 562 1012 621 justitiam
1045 562 1275 607 transitum
1311 561 1440 614 fecit;
1486 561 1559 607 sed
1590 562 1636 607 in
1659 578 1709 606 eo

327 632 448 695 quod
480 633 730 696 baptizatus
767 643 857 687 est,
895 643 1054 678 nostrae
1087 633 1421 692 regenerationis
1451 633 1710 678 Sacramen-

331 714 424 748 tum
443 740 453 758 ‚
475 720 551 748 sua
565 703 812 749 humilitate
834 702 960 748 altius
983 703 1306 748 commendavit
1330 721 1339 746 :
1364 713 1547 748 veterem
1567 713 1711 747 tamen

324 773 545 818 hominem
568 784 764 819 nostrum
800 773 999 836 passione
1015 811 1025 828 ‚
1050 789 1213 818 novum
1236 784 1383 818 autem
1403 773 1715 819 resurrectione

336 844 599 902 significans.

394 917 558 963 XXXI.
605 917 906 963 Inobedientia
941 934 1128 980 namque
1168 916 1542 979 concupiscentiae
1563 953 1575 972 ,
1610 932 1712 978 quae

330 985 503 1030 habitat
516 986 563 1031 in
580 1004 710 1032 carne
728 987 899 1032 mortali
918 1024 928 1042 ‚
958 1004 1042 1050 qua
1065 988 1115 1032 fit
1134 998 1181 1032 ut
1200 987 1347 1032 eadem
1366 986 1495 1031 etiam
1516 986 1714 1031 membra

331 1067 490 1119 praeter
510 1057 748 1102 voluntatis
773 1069 1032 1102 moveantur
1052 1058 1283 1103 arbitrium
1299 1094 1310 1112 ‚
1341 1057 1392 1102 ad
1414 1074 1512 1102 eum
1534 1056 1714 1102 modum

330 1125 718 1186 redigiturjustitia
743 1128 988 1187 conjugali,
1010 1139 1056 1172 ut
1076 1127 1193 1172 licite
1217 1127 1432 1190 copulatis
1456 1127 1716 1190 parentibus

333 1206 605 1254 generentur,
643 1196 805 1259 quibus
835 1197 887 1242 sit
922 1198 1207 1243 necessarium
1232 1199 1485 1257 regenerari.
1522 1198 1618 1242 Non
1643 1208 1714 1242 ta-

332 1282 431 1310 men
457 1283 536 1328 per
555 1267 811 1326 hujusmodi
832 1268 1178 1313 convenientiam
1202 1269 1333 1313 maris
1353 1279 1394 1313 et
1417 1267 1610 1313 foeminae
1634 1284 1711 1313 ve·-

335 1336 427 1380 nire
445 1336 585 1381 voluit
605 1354 777 1382 carnem
805 1355 924 1382 suam
953 1339 1155 1383 Christus
1173 1376 1183 1392 ‚
1219 1338 1292 1384 sed
1321 1338 1374 1383 de
1409 1338 1574 1398 virgine
1603 1337 1715 1383 nihil

333 1405 418 1450 tale
433 1406 476 1450 in
495 1409 585 1465 ejus
606 1418 824 1470 conceptu
845 1409 1206 1470 concupiscente,
1227 1407 1554 1454 similitudinem
1572 1408 1715 1453 carnis

331 1477 501 1539 peccati
528 1478 718 1540 sumpsit
734 1478 805 1523 ille
826 1496 905 1541 pro
926 1479 1072 1535 nobis,
1092 1496 1177 1541 qua
1202 1496 1304 1524 caro
1329 1479 1497 1542 peccati
1523 1477 1714 1523 munda-

327 1557 444 1591 retur
478 1546 524 1590 in
554 1548 695 1594 nobis.
737 1570 757 1588 α
780 1548 903 1593 Sicut
938 1549 1052 1593 enim
1090 1566 1169 1611 per
1210 1547 1338 1594 unius
1381 1548 1618 1604 delictum,
1653 1549 1714 1594 ait

330 1638 350 1658 »
376 1617 611 1679 Apostolus
626 1655 636 1672 ,
661 1618 707 1663 in
727 1635 874 1664 omnes
896 1619 1092 1665 homines
1111 1620 1165 1665 ad
1187 1619 1595 1665 condemnationem
1620 1637 1630 1664 z
1653 1619 1714 1664 ita

333 1708 354 1728 »
379 1703 456 1749 per
486 1688 985 1747 uniusjustificationem
1011 1690 1056 1734 in
1084 1707 1230 1735 omnes
1256 1690 1452 1735 homines
1473 1690 1525 1735 ad
1546 1690 1711 1749 justifi-

334 1778 354 1797 »
380 1756 594 1802 cationem
630 1758 776 1804 vitae1.
802 1780 822 1800 >2
856 1759 993 1804 Nemo
1016 1760 1131 1805 enim
1168 1761 1361 1806 nascitur
1386 1760 1472 1805 nisi
1508 1771 1712 1823 operante

334 1827 691 1889 concupiscentia
703 1829 887 1883 carnali,
907 1847 1008 1893 quae
1033 1841 1168 1876 tracta
1187 1841 1248 1876 est
1268 1848 1314 1876 ex
1337 1832 1481 1894 primo
1505 1831 1708 1886 homine,

333 1897 411 1959 qui
439 1908 500 1941 est
526 1896 697 1942 Adam:
726 1910 768 1943 et
804 1917 930 1945 nemo
960 1902 1213 1957 renascitur,
1233 1901 1316 1946 nisi
1336 1913 1542 1964 operante
1577 1902 1712 1961 gratia

334 1966 540 2029 spiritali,
571 1984 672 2030 quae
695 1968 796 2013 data
817 1982 879 2015 est
903 1987 980 2033 per
1006 1971 1244 2016 secundum
1268 1971 1490 2017 hominem
1508 2008 1518 2027 ‚
1550 1972 1627 2034 qui
1650 1982 1712 2016 est

337 2036 553 2082 Christus.
587 2038 872 2100 Quapropter
895 2041 929 2084 si
955 2039 1008 2084 ad
1035 2040 1158 2086 illum
1180 2041 1395 2085 nascendo
1412 2042 1678 2103 pertinemus
1694 2078 1706 2097 ‚

336 2106 391 2168 agl
414 2107 535 2151 hunc
559 2108 845 2165 renascendo,
871 2126 948 2154 nec
979 2110 1142 2155 renasci
1166 2111 1397 2174 quisquam
1422 2121 1564 2174 potest
1587 2122 1710 2156 ante-

336 2193 467 2239 quam
498 2188 625 2221 natus
649 2178 726 2231 sit3
757 2178 952 2241 profecto
983 2180 1053 2225 ille
1074 2180 1347 2239 singulariter
1366 2192 1492 2227 natus
1520 2192 1610 2236 est,
1638 2182 1710 2227 cui

334 2248 499 2292 renasci
518 2265 605 2292 non
635 2265 745 2311 opus
768 2249 851 2295 fuit
869 2271 879 2304 ;
904 2252 1005 2314 quia
1025 2268 1111 2296 non
1137 2268 1183 2296 ex
1204 2263 1384 2314 peccato
1398 2290 1409 2308 ‚
1427 2253 1473 2297 in
1489 2270 1577 2315 quo
1595 2270 1709 2298 nun-

336 2334 465 2380 quam
486 2317 594 2373 fuit,
623 2319 852 2365 transitum
883 2320 1006 2376 fecit,
1034 2338 1173 2384 neque
1191 2323 1233 2366 in
1261 2322 1492 2385 iniquitate
1514 2339 1709 2386 concep-

335 2397 404 2432 tus
426 2397 513 2441 est,
548 2397 621 2432 aut
651 2405 748 2433 eum
780 2389 826 2434 in
859 2390 1028 2436 delictis
1054 2402 1189 2436 mater
1222 2395 1313 2450 ejus
1338 2393 1383 2438 in
1416 2403 1535 2438 utero
1570 2391 1704 2437 aluit:

332 2457 435 2520 quia
458 2457 646 2520 Spiritus
668 2470 842 2505 sanctus
863 2461 1112 2524 supervenit
1137 2461 1181 2506 in
1205 2478 1321 2514 eam,
1345 2473 1388 2507 et
1410 2462 1547 2508 virtus
1571 2461 1707 2507 Altis-

332 2527 429 2573 simi
448 2527 735 2573 obumbravit
756 2546 876 2589 eam;
903 2531 1018 2577 unde
1035 2530 1155 2594 quod
1180 2542 1330 2578 natum
1353 2542 1416 2578 est
1436 2549 1483 2578 ex
1506 2549 1553 2577 ea
1576 2548 1706 2578 sanc-

381 2611 392 2634 Ι
413 2614 507 2642 Rom.
521 2621 551 2650 v,
573 2612 626 2641 18.
