1799 3251
575 369 788 400 EPISTOLA
825 372 999 403 cnxxx1.
1397 359 1485 420 427

121 437 165 483 in
190 442 292 491 nos,
332 450 430 480 cum
463 434 567 480 tales
594 451 616 479 a
642 433 768 479 nobis
793 435 922 480 etiam
954 452 1041 482 esse
1065 453 1293 500 possumus
1326 454 1487 498 provo-

123 508 300 552 camus?
325 526 344 547 »

185 576 237 623 V.
267 597 286 617 «
308 575 396 632 Qui
416 575 531 620 enim
553 573 820 633 adjutorium
849 575 930 622 Dei
948 587 1092 636 negat,
1131 575 1280 622 vellem
1305 577 1492 622 interro-

121 663 218 707 gare
239 645 347 709 quid
370 645 507 701 dicat,
537 661 614 690 nos
628 661 716 690 non.
730 645 900 702 mereri,
931 664 986 692 an
1009 645 1135 691 illurn
1160 646 1246 692 hoc
1269 663 1358 692 non
1371 663 1492 710 posse

119 719 356 780 praestare?
379 716 447 761 An
481 714 594 761 nibil
629 731 715 761 esse
750 726 931 779 propter
946 715 1068 780 quod
1090 716 1385 780 unusquisque
1408 716 1494 761 hoc

121 787 275 833 debeat
302 785 550 850 postulare?
574 787 703 832 Posse
728 786 816 833 hoc
841 788 998 843 Deum,
1047 804 1178 851 opera
1202 787 1295 850 ipsa
1331 785 1495 832 testan-

122 868 218 913 tur;
242 868 283 903 et
314 857 530 918 adjutorio
549 857 805 921 quotidiano
826 876 903 904 nos
925 876 1047 919 egere
1060 875 1213 918 negare
1236 875 1323 903 non
1346 874 1497 922 possu-

123 944 232 975 mus,
253 929 349 973 Hoc
369 928 485 973 enim
503 944 575 973 seu
598 928 709 973 bene
728 929 915 975 vivimus
932 945 1241 993 provocamus,
1277 939 1326 974 ut
1346 928 1498 974 melius

123 998 400 1061 sanctiusque
440 998 660 1051 vivamus3
686 1014 758 1043 seu
783 1015 914 1061 prave
934 999 1162 1045 sentientes
1186 1015 1210 1044 a
1233 998 1359 1044 bonis
1380 1015 1498 1044 aver-

125 1066 282 1123 timur,
313 1078 360 1113 ut
391 1066 445 1112 ad
482 1078 642 1112 rectam
665 1067 892 1114 redeamus
934 1068 1073 1125 viam,
1097 1072 1189 1128 eJus
1213 1068 1372 1114 auxilio
1397 1068 1496 1131 plus

123 1154 308 1197 egemus,
337 1138 446 1183 Nam
476 1136 580 1200 quid
603 1148 689 1182 tam
719 1138 1007 1192 mortiferum,
1032 1149 1117 1183 tam
1139 1155 1339 1201 praeceps
1356 1137 1499 1183 videa-

127 1218 196 1253 tur
217 1209 269 1254 ad
291 1226 456 1264 casum,
487 1218 573 1252 tam
607 1209 845 1272 expositum
872 1209 926 1255 ad
950 1210 1096 1254 onmia
1119 1209 1329 1272 pericula]
1358 1209 1389 1253 si
1415 1208 1498 1254 hoc

124 1279 261 1324 solum
286 1279 412 1324 nobis
433 1289 636 1342 putantes
657 1296 776 1342 posse
793 1280 1003 1335 sufficere,
1036 1279 1153 1343 quod
1171 1280 1358 1325 liberum
1377 1279 1500 1324 arbi-

124 1349 256 1394 trium
286 1366 387 1395 cum
426 1366 700 1393 nasceremur
727 1351 992 1413 accepimus,
1022 1350 1238 1409 ultrajam
1260 1367 1282 1395 a
1313 1349 1500 1394 Domino

127 1420 241 1467 nihil
255 1437 517 1484 quaeramus,
545 1419 589 1464 id
610 1430 687 1475 est,
712 1421 1049 1466 auctorisnostri
1066 1420 1208 1474 obliti,
1240 1423 1329 1479 ejus
1348 1429 1500 1482 poten—

126 1491 321 1546 tentiam‚
353 1501 401 1536 ut
439 1507 515 1535 nos
550 1490 826 1536 ostendamus
863 1491 1040 1547 liberos,
1074 1491 1341 1550 abjuremus,
1380 1490 1501 1552 quasi

120 1566 212 1622 jam
238 1561 423 1624 amplius
441 1560 558 1623 quod
583 1561 714 1623 possit
753 1561 855 1606 dare
882 1578 969 1606 non
996 1561 1174 1616 habeat,
1199 1561 1277 1624 qui
1299 1570 1339 1605 te
1362 1560 1403 1604 in
1428 1570 1500 1604 tuo

126 1643 223 1677 ortu
243 1631 429 1676 liberum
450 1630 578 1675 fecit?
601 1631 835 1676 nescientes
854 1631 973 1694 quod
1005 1631 1085 1675 nisi
1117 1631 1281 1689 magnis
1298 1630 1502 1692 precibus

125 1703 171 1748 in
195 1719 273 1747 nos
291 1701 368 1746 Dei
390 1702 524 1761 gratia
563 1700 796 1763 implorata
820 1701 1072 1756 descendat5
1101 1716 1376 1763 nequaquam
1412 1709 1502 1743 ter-

125 1790 242 1819 renae
264 1771 374 1818 labis
390 1782 430 1816 et
454 1771 660 1817 mundani
683 1772 878 1835 corporis
899 1773 1070 1818 vincere
1085 1787 1291 1816 conemur
1316 1787 1497 1822 errores,

126 1861 227 1890 cum
243 1861 366 1907 pares
384 1861 461 1888 nos
479 1842 533 1888 ad
548 1843 828 1889 resistendum
845 1860 932 1888 non
952 1842 1141 1888 liberum
1156 1840 1407 1895 arbitrium,
1427 1839 1500 1885 sed

129 1915 209 1960 Dei
226 1914 364 1960 solum
385 1914 525 1959 facere
545 1913 678 1976 possit
696 1913 918 1960 auxilium.
951 1934 971 1953 ³>

194 1985 269 2032 VI,
301 2006 319 2025 «
336 1985 444 2029 Nam
466 1984 497 2029 si
516 1984 586 2028 ille
604 1983 763 2029 clamat
779 1983 996 2043 adjutorio
1015 1982 1099 2028 sibi
1114 1997 1224 2045 opus
1242 1997 1327 2025 esse
1340 1979 1505 2035 divino,

129 2055 205 2120 qui
223 2055 349 2115 digne
368 2055 454 2100 hoc
468 2071 553 2099 non
574 2064 804 2116 quaereret,
826 2053 945 2098 sicui
964 2052 1151 2097 liberum
1166 2051 1391 2096 arbitrium
1409 2049 1505 2113 pius

129 2125 375 2190 prodesset;
405 2125 572 2188 quippe
591 2140 692 2169 cum
735 2124 802 2170 vir
835 2124 988 2168 beatus
1010 2132 1052 2168 et
1086 2125 1176 2182 jam
1203 2121 1363 2166 electus
1383 2138 1403 2165 a
1421 2122 1506 2164 Do-

131 2197 249 2242 mino
265 2195 374 2241 nihil
389 2206 529 2255 egeret
554 2212 563 2239 :
591 2204 734 2240 tamen
750 2193 808 2240 ita
828 2195 965 2239 Deum
989 2192 1249 2256 deprecatur
1264 2190 1505 2255 postulans,

133 2287 154 2307 «
173 2266 361 2326 Adjutor
383 2282 503 2310 meus
520 2275 609 2310 esto
633 2282 643 2309 ι
671 2282 724 2310 ne
742 2264 1016 2326 derelinquas
1035 2280 1117 2318 me,
1136 2277 1276 2324 neque
1297 2260 1510 2323 despicias

134 2353 242 2382 »me
276 2340 393 2382 Deus
413 2335 610 2380 salutaris
637 2333 791 2381 meusl.
827 2356 846 2375 >2
882 2335 968 2379 Nos
1000 2333 1127 2378 nobis
1164 2330 1353 2377 liberum
1390 2331 1512 2376 arbi-

137 2408 285 2461 trium‚
307 2407 377 2451 ilic
397 2406 478 2451 sibi
506 2407 643 2451 Deum
665 2405 859 2469 postulat
877 2404 1137 2465 adjutorem.
1170 2401 1300 2458 Quod
1325 2402 1413 2447 nati
1433 2418 1510 2446 su-

136 2495 231 2524 mus
249 2494 371 2540 posse
395 2476 587 2522 sufficere
607 2493 684 2521 nos
705 2475 907 2531 dicimus,
927 2474 999 2520 ille
1014 2475 1152 2518 Deum
1171 2486 1223 2518 ne
1242 2470 1511 2533 derelinqua-

136 2559 208 2594 tur
235 2550 407 2593 exorat?
429 2548 543 2604 Non,
562 2564 684 2607 rogo,
710 2545 932 2593 manifeste
953 2541 1299 2608 discimus,quid
1321 2557 1508 2596 oremus,

137 2637 236 2667 cum
258 2619 328 2666 ille
348 2629 570 2684 tantopere
607 2620 784 2677 heatus,
813 2627 860 2667 ut
884 2633 1016 2687 supra
1039 2614 1225 2664 diximus
1253 2613 1320 2663 vir
1347 2628 1398 2660 ne
1418 2613 1510 2661 dis-

188 2704 299 2739 ¹1³sal⁴
320 2715 407 2746 xxm,
426 2718 457 2745 ι),
