1799 3251
591 289 800 324 EPISTOLA
836 293 981 323 cxmx.
1387 280 1472 343 173

104 382 126 404 >³
147 376 294 408 eorum
316 359 369 406 de
391 358 721 420 sanguinibus1‚
742 358 819 403 »id
846 369 925 413 est,
946 358 1120 404 illorum
1140 358 1471 417 sacrificiorum,

102 447 203 495 quae
232 429 572 476 immolabantur
611 429 655 474 in
699 429 837 488 figura
870 428 1088 487 sanguinis
1122 428 1302 475 Christi.
1337 450 1357 470 «
1383 430 1472 475 Nec

103 521 125 542 ›>
145 517 309 546 memor
330 516 401 545 ero
426 500 652 545 nominum
680 515 831 543 eorum
856 514 933 560 per
961 497 1078 542 labia
1105 515 1210 544 mea.
1236 519 1256 540 ))
1284 499 1472 544 Nomina

103 571 270 633 quippe
307 570 482 615 illorum
517 579 640 615 erant
674 569 718 614 in
744 567 1106 630 multiplicatione
1135 568 1436 614 infirmitatum
1462 606 1473 625 ‚

104 659 125 681 «
138 641 169 684 F
173 640 450 695 ornicatores‚
461 639 587 684 idolis
610 639 854 688 servientes,
869 637 969 682 adul
979 637 1070 692 teri,
1084 637 1243 692 molles,
1256 638 1477 684 masculo-

104 726 231 755 »rum
245 710 565 763 concubitores,
582 708 626 754 fu
637 725 714 764 res,
737 708 1093 769 avari,raptores‚
1112 707 1266 753 ebriosi
1280 707 1478 753 maledici

104 800 126 821 »
147 779 465 843 etquicumque
492 778 560 824 alii
587 795 764 838 regnum
791 777 868 822 Dei
888 794 975 822 non
992 776 1327 839 possidebunt2.
1352 799 1371 818 «
1392 777 1477 822 Sed

104 849 182 896 ubi
206 848 457 895 abundante
485 859 666 911 peccato
687 885 697 903 ‚
725 847 1095 911 superabundavit
1128 847 1311 906 gratiass,
1334 857 1479 911 postea

105 918 502 965 «acceleraverunt.
528 941 547 960 ›>
576 939 595 960 c<
629 919 737 963 Haec
775 917 949 981 quidem
990 917 1193 973 fuerunt,
1227 917 1298 963 sed
1338 917 1477 962 abluti

105 1009 126 1030 n
149 998 272 1045 sunt,
296 987 370 1033 sed
392 988 651 1034 sanctificati
676 998 776 1033 sunt
796 1025 805 1043 ‚
834 987 905 1033 sed
928 987 1154 1047 justificati
1180 998 1281 1033 sunt
1311 988 1355 1033 in
1390 1004 1474 1033 no-

105 1080 127 1101 »
150 1058 265 1104 mine
288 1057 465 1103 Domini
488 1062 587 1104 Jesu
611 1058 802 1113 Christi,
830 1068 872 1103 et
889 1058 933 1102 in
958 1057 1126 1120 Spiritu
1152 1057 1228 1102 Dei
1258 1057 1435 1102 nostri&
1459 1080 1479 1098 υ

105 1149 125 1169 «
146 1127 251 1174 Ideo
274 1144 363 1173 non
381 1145 545 1174 memor
563 1128 644 1174 erit
666 1128 892 1173 nominum
911 1126 1083 1172 illorum
1098 1143 1177 1189 per
1195 1126 1311 1171 labia
1328 1143 1399 1172 sua
1417 1127 1446 1170 ⁵.
1460 1149 1480 1167 »

105 1198 217 1244 Sane
240 1198 411 1244 codices
435 1198 746 1244 emendatiores
768 1208 809 1243 et
830 1197 1041 1242 electioris
1068 1197 1333 1242 auctoritatis
1348 1234 1358 1252 ,
1393 1214 1479 1242 non

105 1269 296 1325 habent,
335 1291 354 1311 ι(
386 1269 639 1315 Voluntates
670 1286 766 1315 suas
786 1307 795 1325 ‚
820 1291 838 1310 »
872 1268 971 1324 sed,
1008 1290 1027 1310 α
1047 1267 1298 1313 Voluntates
1330 1285 1444 1313 meas
1466 1305 1476 1323 ‚

105 1339 224 1402 quod
250 1338 519 1384 tantumdem
534 1339 665 1395 valet,
683 1339 785 1402 quia
801 1356 847 1383 ex
868 1355 1049 1400 persona
1069 1337 1166 1383 Filii
1183 1337 1361 1383 dicitur.
1381 1338 1479 1400 lpse

106 1409 272 1472 quippe
293 1408 488 1472 loquitur
506 1445 516 1464 ,
546 1425 674 1471 quem
709 1408 841 1455 verba
868 1408 941 1453 illa
966 1406 1187 1453 evidenter
1212 1406 1447 1453 ostendunt
1467 1444 1477 1463 ‚

106 1478 269 1541 quibus
298 1489 339 1524 et
367 1478 565 1541 Apostoli
587 1479 649 1523 usi
683 1489 807 1531 sunt,
838 1479 973 1523 «Non
1002 1476 1271 1539 derelinques
1291 1477 1478 1522 animam

106 1569 129 1590 n
145 1565 282 1594 meam
308 1549 352 1594 in
375 1548 568 1605 inferno,
593 1565 672 1594 nec
691 1547 816 1593 dabis
840 1559 1039 1593 sanctum
1064 1557 1188 1593 tuum
1213 1546 1358 1592 videre
1385 1563 1479 1592 cor-

108 1640 130 1660 »
151 1619 399 1682 ruptionem
413 1620 476 1666 ⁶.»
492 1619 655 1665 Eadem
678 1630 778 1664 sunt
803 1620 950 1682 utique
971 1635 1151 1663 munera
1172 1618 1322 1677 gratiae
1340 1617 1482 1661 Patris

107 1699 150 1735 et
170 1690 267 1736 Filii
289 1701 331 1735 et
348 1690 535 1753 Spiritus
553 1691 690 1736 sancti
713 1707 722 1734 ε
752 1700 792 1735 et
816 1689 912 1735 ideo
937 1688 1168 1735 rectissime
1195 1697 1236 1732 et
1262 1687 1390 1732 Filius
1415 1704 1484 1732 eas

108 1770 248 1822 potest
267 1759 408 1805 dicere
431 1759 673 1805 voluntates
688 1775 796 1805 suas.

176 1831 252 1876 lx.
277 1834 536 1893 Responsio
558 1830 627 1875 ad
641 1833 953 1892 quaestionem
973 1827 1031 1873 (le
1058 1827 1388 1882 Psalm.Lv111‚
1418 1842 1482 1871 ιε).

110 1898 314 1954 ——Quod
330 1898 490 1944 veroin
513 1897 686 1944 Psalmo
699 1897 1060 1961 quinquagesimo
1078 1907 1233 1942 octavo
1253 1896 1306 1941 de
1321 1894 1488 1946 Judaeis,

110 1967 381 2028 intelligitur,
408 1967 579 2013 dicente
598 2005 608 2024 ,
632 1989 652 2009 ι(
672 1969 735 2013 Ne
756 1967 966 2012 occideris
983 1983 1053 2011 eos
1072 2004 1082 2022 ‚
1106 1983 1159 2012 ne
1175 1964 1352 2029 quando
1376 1964 1486 2010 obli-

112 2060 133 2080 »
150 2038 366 2084 viscamur
388 2039 509 2098 Legis
526 2049 613 2083 tuae
631 2075 642 2093 ‚
661 2058 681 2078 υ
700 2037 1005 2083 convenienter
1027 2036 1138 2081 mihi
1163 2035 1335 2082 videtur
1352 2033 1484 2079 intel-

110 2108 187 2168 ligi
210 2109 269 2155 ita
291 2126 378 2155 esse
411 2110 783 2172 praenuntiatum‚
818 2107 1014 2153 eamdem
1052 2116 1221 2167 gentem
1246 2106 1373 2151 etiam
1409 2105 1488 2150 de·-

111 2179 315 2225 bellatam
330 2191 457 2243 atque
469 2180 716 2225 subversam
740 2179 784 2225 iu
799 2177 953 2242 populi
970 2177 1146 2223 Victoris
1165 2176 1488 2239 superstitiones

113 2266 199 2295 non
223 2250 351 2295 fuisse
370 2266 583 2295 cessuram
603 2286 613 2303 ‚
640 2249 714 2295 sed
743 2250 787 2294 in
814 2249 955 2293 Veteri
982 2253 1092 2306 Lege
1125 2263 1398 2301 mansuram,
1441 2257 1489 2290 ut

114 2318 233 2382 apud
253 2336 346 2364 eam
366 2330 471 2364 esset
488 2319 779 2364 testimonium
807 2318 1137 2380 Scripturarum
1158 2326 1246 2361 toto
1273 2314 1379 2360 orbe
1396 2325 1488 2360 ter-

114 2404 282 2441 rarum,
310 2388 426 2434 unde
452 2388 645 2434 Ecclesia
677 2387 818 2434 fuerat
843 2385 1079 2433 evocanda.
1111 2385 1242 2430 Nullo
1264 2385 1379 2430 enim
1398 2384 1491 2429 evi-

114 2458 307 2504 dentiore
329 2458 593 2504 documento
630 2458 871 2504 ostenditur
905 2456 1107 2518 gentibus
1124 2491 1135 2512 ,
1160 2453 1281 2519 quod
1301 2453 1491 2499 saluber-

163 2560 173 2580 ¹
195 2559 274 2590 Psal.
294 2569 347 2599 xv,
363 2565 395 2594 4.
413 2575 455 2581 -
470 2557 485 2580 ²
508 2570 520 2589 ι
544 2561 619 2592 Cor.
637 2570 682 2596 vx,
701 2570 737 2599 9,
756 2555 898 2591 10.--3
915 2560 1008 2588 Rom.
1028 2567 1056 2594 v,
1084 2566 1141 2587 20.
1164 2571 1206 2578 —
1222 2551 1236 2576 ⁴
1255 2564 1267 2584 1
1288 2555 1362 2587 Cor.
1378 2563 1490 2593 vx,11.

116 2631 159 2638 -
177 2612 190 2635 ⁵
208 2610 289 2646 Psal.
312 2624 364 2651 xv,
378 2619 410 2650 4.
425 2631 467 2637 —
480 2611 588 2646 filbid.
614 2616 885 2658 103Act.11,31,
902 2618 933 2644 et
948 2623 1028 2655 xiix,
1043 2613 1102 2646 35.
