1799 3251
549 320 759 349 EPISTOLA
796 321 981 351 chxxv.
1352 312 1444 373 479

75 394 218 429 autem
238 384 457 447 particeps
477 382 640 430 divinae
665 383 892 430 charitatis
911 421 921 440 ,
956 385 1032 448 qui
1054 385 1190 432 hostis
1217 398 1276 433 est
1298 389 1445 434 unita-

76 453 143 500 tis.
191 453 290 498 Non
332 453 499 498 habent
538 454 683 516 itaque
721 453 934 516 Spiritum
973 466 1169 501 sanctum
1189 492 1200 513 ,
1236 458 1311 520 qui
1344 469 1446 503 sunt

75 534 192 568 extra
215 523 466 569 Ecclesiam.
503 524 567 568 De
588 523 671 568 illis
700 523 867 586 quippe
891 524 1102 586 scriptum
1135 537 1219 582 est,
1245 527 1373 582 «Qui
1405 544 1446 572 se

77 594 229 656 »ipsos
256 603 507 653 segregant,
536 592 761 648 animales,
800 594 1013 655 Spiritum
1034 611 1119 639 non
1143 594 1398 643 habentes1.
1425 617 1446 639 »

78 662 163 707 Sed
182 679 260 707 nec
279 662 350 707 ille
369 680 465 708 eum
486 662 699 726 percipit,
719 663 795 725 qui
814 664 942 708 fictus
965 674 1027 708 est
1046 664 1091 708 in
1115 665 1321 723 Ecclesia,
1342 683 1447 729 quo-

76 732 195 777 niam
220 743 260 776 et
278 732 378 777 inde
405 733 619 796 scriptum
641 742 728 790 est,
761 754 779 774 «
800 732 984 797 Sanctus
1008 733 1121 777 enim
1150 734 1338 796 Spiritus
1358 736 1450 788 dis-

79 822 100 843 »
124 803 300 865 ciplinae
322 803 493 862 effugiet
524 804 675 848 fictum
698 808 728 849 ².
751 824 770 844 »
798 803 885 859 Qui
913 820 1011 862 ergo
1043 803 1135 848 vult
1160 804 1323 849 habere
1347 805 1452 868 Spi-

79 873 214 918 ritum
228 884 444 930 sanctum,
463 884 611 929 caveat
628 873 730 918 foris
753 874 809 923 ab
836 873 1027 929 Ecclesia
1051 890 1288 932 remanere,
1306 886 1454 933 caveat

78 944 124 988 in
142 961 236 988 eam
257 944 484 991 simulatus
504 944 664 988 intrare
685 961 696 988 ε
725 955 800 989 aut
821 944 957 1003 sijam
982 943 1075 989 talis
1089 944 1285 1001 intravit,
1305 957 1453 992 caveat

79 1013 126 1057 in
148 1012 297 1057 eadem
336 1013 611 1058 simulatione
638 1014 861 1075 persistere
879 1050 889 1069 ‚
928 1025 973 1058 ut
1005 1015 1214 1060 veraciter
1243 1015 1454 1061 coalescat

82 1082 229 1128 arbori
255 1083 371 1128 vitae.

144 1152 225 1211 LI„
247 1152 469 1208 Prolixum
494 1151 576 1197 tibi
610 1151 772 1197 librum
805 1152 966 1208 direxi,
1006 1163 1046 1198 et
1070 1153 1156 1198 tuis
1178 1152 1356 1199 fortasse
1384 1172 1456 1212 oc-

83 1222 391 1284 cupationibus
416 1239 658 1268 onerosum.
687 1222 729 1267 Si
747 1220 845 1282 ergo
863 1223 1054 1285 potuerit
1079 1223 1157 1269 tibi
1177 1224 1243 1279 vel
1257 1225 1457 1288 partibus

83 1291 197 1350 legi,
226 1292 352 1337 dabit
385 1292 468 1337 tibi
499 1292 711 1337 Dominus
748 1292 1045 1349 intellectum,
1080 1304 1128 1339 ut
1158 1293 1321 1351 habeas
1349 1294 1457 1358 quid

84 1362 344 1424 respondeas
369 1362 427 1408 eis
459 1362 725 1422 corrigendis
760 1373 890 1426 atque
925 1364 1124 1409 sanandis
1146 1400 1156 1419 ‚
1194 1357 1303 1426 quos
1331 1365 1457 1410 ctiam

88 1431 168 1478 tibi
186 1433 269 1496 ipsi
287 1445 495 1497 tanquam
525 1434 643 1479 fideli
668 1434 757 1479 filio
789 1445 927 1479 mater
951 1434 1167 1490 Ecclesia,
1194 1435 1270 1480 ubi
1298 1447 1458 1498 potue-

86 1501 144 1547 ris
162 1539 172 1559 ‚
203 1513 244 1548 et
264 1503 486 1566 quomodo
504 1504 696 1567 potueris
714 1541 724 1559 ,
750 1505 836 1549 sive
859 1504 949 1567 ipse
974 1504 1193 1567 loquendo
1215 1515 1255 1549 et
1276 1522 1458 1568 respon-

88 1572 232 1619 dendo
250 1611 260 1629 ‚
293 1575 380 1620 sive
410 1575 464 1620 ad
498 1575 698 1628 doctores
729 1575 933 1629 Ecclesiae
961 1574 1239 1637 perducendo
1261 1610 1273 1630 ,
1302 1575 1459 1631 inad-

85 1645 248 1702 jutorio
275 1645 449 1690 Domini
477 1643 754 1705 corrigendos
777 1644 1075 1708 sanandosque
1100 1643 1388 1692 commendat.

138 1742 150 1766 ¹
167 1744 243 1776 Jud.
261 1755 386 1776 X1x.—
403 1742 418 1766 2
434 1746 508 1787 Sap.
530 1756 560 1788 1,
581 1746 611 1776 5.
