1799 3251
611 320 822 350 EPls'rOLA
861 320 1003 351 ctxtv.
1388 303 1479 349 :315

113 385 280 448 quippe
295 384 510 429 Dominus
536 402 545 428 :
572 405 591 424 <‹
620 384 742 429 Sicut
775 385 818 429 in
838 383 992 429 diebus
1028 385 1142 439 Noe,
1170 387 1227 430 ita
1258 384 1338 430 erit
1367 394 1408 428 et
1439 383 1483 427 in

116 480 134 496 »
159 455 313 500 diebus
358 454 435 499 filii
467 454 666 500 hominis.
702 454 1054 504 Manducabunt.
1078 457 1315 502 bibebant.
1342 454 1483 499 nube-

117 548 135 564 ι·
158 527 282 580 bant,
314 541 462 569 uxores
484 524 725 579 ducebant,
753 524 890 569 donec
924 525 1101 570 intravit
1128 525 1218 569 Noe
1246 525 1290 569 in
1319 539 1482 574 arcam,

115 617 135 636 »
160 595 278 640 venit
309 594 542 650 diluvium,
571 605 611 640 et
647 593 838 657 perdidit
862 612 1009 639 omnes
1033 594 1066 641 1.
1098 595 1182 640 Sed
1214 595 1315 658 quia
1339 611 1388 639 ea
1424 608 1489 637 res

113 675 228 724 gesta
246 665 374 710 etiam
393 664 586 709 futuram
616 682 703 710 rem
739 665 1029 724 significabat,
1058 665 1155 710 ideo
1179 666 1240 710 ibi
1271 665 1488 710 diluvium

113 746 156 781 et
174 735 443 798 baptismum
470 735 730 794 significavit
759 734 963 780 fidelibus
982 772 992 791 ‚
1034 745 1075 780 et
1107 735 1357 781 infidelibus
1388 750 1492 797 poe-

112 823 211 850 nam
234 823 244 850 :
265 806 376 850 sicut
406 806 448 850 in
485 807 622 866 figura
652 823 737 851 non
774 806 834 851 rei
869 816 1023 865 gestae,
1069 806 1143 851 sed
1187 803 1492 850 tantummodo

112 876 260 932 dictae,
290 876 410 940 quod
446 876 659 939 delapide
680 879 891 940 scriptum
929 888 1007 929 est,
1031 893 1118 939 quo
1148 876 1415 936 significatus
1431 885 1491 920 est

116 947 342 999 Christus3
362 947 450 993 duo
476 947 678 1010 quaedam
713 947 1005 1010 praenuntiata
1031 958 1146 1002 suut,
1177 958 1218 992 et
1242 946 1494 992 infidelibus

113 1016 442 1072 offendiculum,
467 1028 507 1063 et
532 1016 734 1062 fidelibus
754 1017 989 1063 aedificium
1004 1019 1038 1064 2.
1081 1016 1328 1080 Aliquando
1350 1026 1492 1061 autem

114 1088 157 1132 in
170 1086 319 1132 eadem
335 1088 474 1147 figura
490 1088 555 1133 vel
579 1098 692 1147 gesta
715 1088 778 1133 vel
807 1087 942 1142 dicta,
971 1087 1100 1133 etiam
1125 1087 1226 1132 duae
1243 1104 1307 1132 res
1328 1084 1494 1149 aliquid

115 1174 251 1203 unum
273 1159 544 1218 significant3
567 1158 833 1204 sicutfideles
853 1158 1206 1218 significaverunt
1226 1158 1362 1217 ligna,
1389 1173 1489 1219 quae

115 1229 159 1273 in
181 1245 293 1273 arcae
315 1228 528 1274 fabricam
556 1240 760 1292 coaptata
781 1239 897 1284 sunt,
921 1228 1180 1291 eosdemque
1196 1228 1323 1273 etiam
1340 1228 1496 1272 animae

117 1310 216 1345 octo
240 1317 340 1363 quee
358 1301 403 1345 in
430 1301 579 1346 eadem
616 1318 713 1345 arca
735 1300 932 1345 liberatae
964 1310 1094 1344 sunt:
1122 1297 1345 1362 quomodo
1361 1299 1405 1343 in
1424 1296 1496 1342 illa

123 1368 378 1428 Evangelica
395 1369 686 1414 similitudine
719 1369 773 1415 de
791 1369 913 1425 ovili,
942 1369 1056 1414 idem
1080 1369 1172 1432 ipse
1211 1369 1412 1414 Christus
1436 1377 1498 1411 est

117 1450 159 1485 et
177 1450 378 1502 pastoret
400 1443 535 1499 janua
554 1440 588 1484 ³.

182 1510 325 1556 XVII.
353 1511 442 1555 Nec
455 1521 625 1556 moveat
640 1509 693 1554 ad
710 1509 1039 1573 impediendum
1060 1509 1188 1555 istum
1208 1508 1496 1562 intellectum,

119 1579 238 1643 quod
264 1580 463 1626 eumdem
491 1580 714 1625 Christum
743 1580 849 1625 dixit
894 1579 1122 1642 Apostolus
1156 1580 1309 1624 Petrus
1332 1577 1501 1641 praedi-

121 1667 236 1695 casse
252 1650 335 1695 illis
354 1651 399 1696 in
428 1668 599 1696 carcere
624 1651 865 1706 conclusis,
893 1652 969 1713 qui
986 1650 1206 1712 quondam
1232 1666 1320 1694 non
1359 1647 1502 1693 credi-

121 1720 274 1765 derant
304 1721 347 1765 in
372 1720 526 1766 diebus
548 1722 642 1765 §04³
664 1721 701 1774 4,
738 1731 782 1765 ut
806 1720 900 1766 ideo
921 1738 1005 1765 non
1040 1721 1302 1765 arbitremur
1320 1719 1405 1763 hoc
1427 1719 1500 1762 in-

123 1790 422 1849 telligendum.
444 1792 546 1854 quia
566 1790 639 1836 illo
664 1802 860 1854 tempore
879 1791 1073 1836 nondum
1093 1800 1269 1835 venerat
1286 1789 1500 1835 Christus.

125 1860 330 1906 Nondum
348 1862 460 1906 enim
473 1872 646 1906 venerat
668 1862 831 1906 scilicet
848 1862 892 1906 in
905 1878 1051 1915 carne,
1067 1861 1178 1906 sicut
1191 1860 1308 1905 venit
1325 1858 1502 1922 quando

123 1943 222 1994 ‘post
249 1931 345 1976 haec
368 1932 410 1976 in
433 1943 541 1976 terra
565 1932 678 1977 visus
695 1943 755 1977 est
779 1942 820 1976 et
854 1946 961 1977 cum·
992 1930 1248 1975 hominibus
1268 1946 1500 1975 conversa-

125 2012 193 2047 tus
211 2002 320 2047 est5.
351 2001 659 2047 Verumtamen
685 2002 739 2047 ab
772 2003 897 2047 initio
920 2002 1082 2061 generis
1108 2001 1309 2051 humani„
1349 1999 1416 2045 vel
1449 1999 1502 2045 ad

127 2074 364 2133 arguendos
387 2073 538 2128 malos,
565 2074 677 2119 sicut
698 2073 751 2119 ad
775 2075 882 2119 Ca'in
910 2090 959 2118 ac
977 2073 1095 2135 prius
1112 2072 1166 2117 ad
1192 2072 1337 2134 ipsum
1364 2070 1502 2117 Adam

127 2161 387 2207 uxoremque
408 2148 516 2203 ejus,
533 2144 599 2189 vel
620 2144 673 2189 ad
694 2143 979 2190 consolandos
1008 2144 1163 2197 bonos,
1192 2142 1257 2188 vel
1282 2141 1335 2187 ad
1360 2152 1505 2187 utros-e

129 2231 214 2277 que
253 2213 566 2269 admonendos,
596 2226 644 2259 ut
685 2215 754 2259 alii
786 2214 838 2259 ad
881 2214 1059 2258 salutem
1104 2229 1223 2257 suam
1263 2211 1502 2267 crederent,

131 2284 201 2330 alii
223 2283 274 2329 ad
302 2301 481 2346 poenam
511 2301 630 2329 suam
667 2302 753 2330 non
782 2284 1025 2338 crederent,
1061 2283 1151 2346 ipse
1177 2283 1328 2344 utique
1349 2298 1438 2326 non
1462 2281 1507 2326 in

131 2371 276 2408 carne,
313 2353 384 2398 sed
416 2353 461 2398 in
479 2355 633 2417 spiritu
660 2355 877 2408 veniebat,
900 2354 1000 2399 visis
1034 2353 1236 2412 congruis
1262 2352 1504 2415 alloquens,

131 2442 238 2488 quos
256 2425 426 2470 volebat
446 2463 455 2479 ‚
481 2426 591 2471 sicut
613 2426 804 2472 volebat.
835 2425 965 2482 Quod
991 2435 1134 2469 autem
1157 2423 1243 2469 dixi
1262 2441 1272 2468 ε
1301 2444 1320 2464 «
1341 2423 1393 2468 ln
1412 2423 1505 2486 spi-

182 2535 191 2555 ¹
210 2537 285 2566 Luc,
304 2545 382 2573 xvii,
404 2534 459 2567 26.
478 2544 516 2563 ex
535 2535 616 2563 Gen.
637 2545 698 2574 vn,
726 2536 755 2565 5.
779 2552 815 2557 --
836 2532 850 2555 2
868 2532 984 2565 Manli.
1001 2544 1067 2565 xxr.
1085 2539 1151 2570 443
1173 2532 1246 2563 Luc.
1268 2542 1320 2568 xx,
1346 2542 1381 2569 ¹7
1400 2542 1408 2567 ;
1429 2528 1512 2561 Psal.

135 2601 233 2629 cxvii,
255 2601 307 2619 22.
322 2607 363 2612 ——
382 2586 484 2621 3153'1'.
505 2600 623 2622 xxv111‚
643 2592 682 2619 16
698 2602 706 2627 ;
721 2593 800 2621 Dan.
817 2602 852 2626 ιι,
873 2591 997 2626 154-453
1014 2589 1108 2619 Zac-li.
1137 2600 1186 2623 ιιι,
1208 2590 1223 2618 3
1241 2600 1247 2621 z
1263 2590 1354 2618 Joan.
1371 2598 1399 2623 x,
1421 2598 1448 2616 ι.
1466 2603 1510 2608 -

135 2643 244 2675 ⁴Joan
272 2656 325 2681 vn,
351 2656 360 2674 1
377 2657 464 2675 1.—
481 2643 494 2666 ⁵
510 2644 644 2677 Baruch.
663 2657 714 2683 111,
737 2648 787 2676 3⁸.
