1799 3251
566 337 778 368 Erus-rom
813 337 1000 369 cmxxxv.
1380 324 1473 384 473

105 404 252 459 Quare
278 418 379 462 ergo
399 419 491 457 me,
519 402 688 467 inquit,
713 419 801 448 non
822 403 1020 466 baptizas
1038 441 1048 459 ‚
1077 415 1126 450 ut
1148 403 1301 450 abluas
1325 420 1346 449 a
1370 420 1479 466 pec-

103 472 238 517 catis?
272 472 534 535 Respondeo
560 489 571 517 ε
600 471 714 528 Quia
742 489 831 518 non
863 471 977 518 facio
1000 472 1205 532 injuriam
1237 472 1480 519 characteri

103 542 416 604 Imperatoris,
455 560 555 588 cum
587 559 774 587 errorem
810 543 979 602 corrigo
1017 543 1258 589 desertoris
1308 542 1478 599 Quare,

100 612 245 674 inquit
265 649 275 667 ‚
300 612 416 675 apud
446 623 486 658 te
507 613 573 658 vel
598 612 900 676 poenitentiam
924 630 1014 658 non
1036 617 1143 673 ago?
1164 615 1259 658 Imo
1278 613 1360 658 nisi
1383 630 1483 672 ege-

99 681 181 736 ris,
219 681 362 727 salvus
392 699 477 727 esse
498 700 585 728 non
610 683 783 745 poteris,
819 682 1053 738 Quomodo
1075 683 1189 727 enim
1215 681 1422 741 gaudebis
1444 692 1484 726 te

100 768 185 796 esse
210 763 454 798 correctum
475 789 484 808 ‚
508 753 588 798 nisi
610 752 753 798 doleas
774 751 899 797 fuisse
916 755 1200 815 perversum?
1219 751 1339 808 Quid
1359 768 1458 811 ergo
1472 788 1482 807 ‚

104 822 272 885 inquit,
313 823 434 886 apud
462 840 537 868 vos
556 860 567 879 ‚
600 840 700 868 cum
730 822 784 867 ad
810 840 885 869 vos
916 822 1176 878 transimus,
1218 822 1484 886 accipimus?

100 892 361 956 Respondeo
381 930 391 948 ‚
420 911 508 939 non
530 893 708 956 quidem
734 893 934 956 accipitis
949 893 1218 956 baptismum
1235 929 1246 948 ,
1266 892 1343 956 qui
1363 892 1490 938 vobis

105 974 220 1008 extra
241 981 492 1041 compagem
520 965 714 1027 corporis
736 963 899 1009 Christi
928 964 1061 1009 inesse
1085 963 1256 1026 potuit,
1287 961 1487 1026 prodesse

103 1051 191 1078 non
226 1034 404 1096 potuit:
430 1033 502 1079 sed
542 1034 739 1097 accipitis
773 1034 982 1079 unitatem
1023 1034 1200 1096 spiritus
1224 1033 1266 1078 in
1307 1031 1484 1077 vinculo

104 1104 252 1167 pacis,
279 1105 367 1149 sine
393 1122 479 1167 qua
508 1122 634 1149 nemo
667 1106 826 1167 potelit
850 1103 995 1149 ridere
1028 1105 1201 1159 Deum,
1222 1113 1264 1148 et
1293 1102 1487 1148 charita-

105 1186 192 1220 tem
212 1192 374 1238 ‚quae‚
399 1176 511 1220 sicut
532 1176 744 1238 smiptum
772 1186 856 1231 est,
884 1196 901 1215 «
928 1175 1136 1238 Cooperit
1159 1141 1485 1219 niultitudinem

107 1267 127 1286 ›-›
152 1257 432 1308 peccatorum
449 1245 484 1290 1.
509 1268 528 1286 n
556 1246 688 1302 Quod
714 1257 799 1291 tam
827 1263 1032 1305 magnum
1056 1245 1254 1299 bonum,
1285 1244 1373 1289 sine
1400 1258 1488 1306 quo

106 1332 184 1360 nec
200 1315 368 1375 linguas
394 1316 625 1361 hominum
651 1326 692 1361 et
720 1315 984 1375 Angelorum
1002 1351 1012 1370 ‚
1033 1331 1113 1359 nec
1140 1281 1362 1359 scieritiam
1387 1329 1486 1357 om-

107 1386 230 1430 nium
279 1396 682 1430 sacramentorum.
731 1402 809 1430 nec
858 1385 1169 1448 prophetiam,
1212 1400 1291 1428 nec
1325 1392 1490 1428 tantam

108 1455 239 1500 fidem
263 1472 350 1518 qua
372 1466 540 1501 montes
558 1454 891 1511 transferantur,
917 1471 995 1500 nec
1015 1453 1159 1499 omnia
1165 1470 1277 1531 (1¹¹.ae
1296 1451 1488 1516 possidet

108 1525 243 1572 homo
281 1526 516 1572 distributa
554 1526 845 1590 pauperibus,
882 1543 962 1571 nec
999 1524 1195 1587 corporis
1230 1524 1273 1569 in
1316 1523 1490 1582 ignibus

109 1596 349 1659 passionem
385 1596 588 1660 prodesse
610 1595 805 1660 aliquid,
837 1595 1069 1658 Apostolus
1098 1594 1210 1639 testis
1238 1591 1332 1638 est²
1365 1592 1490 1637 .hoc

109 1683 212 1727 crgo
236 1678 320 1712 tam
338 1684 543 1727 magnum
560 1668 746 1722 bonum,
775 1667 807 1712 si
828 1683 1013 1730 parvum
1030 1665 1095 1710 vel
1112 1665 1282 1710 nullum
1305 1627 1488 1726 putatis,

110 1739 264 1783 merito
285 1737 513 1783 infeliciter
527 1738 697 1784 erratis:
721 1739 873 1783 merito
888 1737 922 1782 si
939 1737 983 1782 in
999 1739 1208 1782 unitatem
1231 1732 1491 1780 catholicam

111 1825 198 1854 non
224 1808 414 1854 transitis
430 1846 439 1863 ,
462 1809 628 1872 peritis,

177 1879 335 1925 XLIV.
369 1879 413 1924 Si
435 1896 534 1939 ergo
553 1916 563 1934 ‚
591 1879 819 1942 inquiunt,
846 1888 1018 1941 oportet
1036 1888 1084 1923 ut
1111 1893 1189 1922 nos
1205 1886 1321 1924 extra
1344 1873 1493 1920 Eccle-

113 1949 219 1995 siam
245 1959 287 1994 et
311 1948 516 1994 adversus
541 1948 778 1995 Ecclesiam
798 1947 927 1994 fuisse
943 1949 1186 2011 poeniteat,
1210 1956 1259 1991 ut
1282 1945 1387 1990 salvi
1411 1960 1495 1989 esse

112 2019 328 2083 possimus
348 2057 358 2076 ,
392 2019 614 2083 quomodo
643 2029 743 2082 post
772 2018 898 2063 istam
930 2016 1233 2081 poenitentiam
1270 2013 1386 2078 apud
1422 2030 1495 2058 vos

113 2089 285 2143 clerici,
310 2089 377 2135 vel
397 2090 524 2135 etiam
545 2089 741 2152 episcopi
756 2090 1093 2151 permanemus?
1113 2087 1211 2131 Hoc
1231 2102 1318 2130 non
1339 2085 1458 2129 fieret
1476 2119 1486 2136 ,

112 2159 323 2222 quoniam
347 2177 493 2205 revera
520 2159 672 2222 (quod
695 2157 920 2205 fatendum
945 2159 1037 2219 est)
1061 2156 1152 2202 fieri
1178 2173 1265 2200 non
1285 2154 1490 2208 deberet,

112 2229 197 2274 nisi
221 2230 341 2292 pacis
371 2230 506 2293 ipsius
541 2230 892 2292 compensatione
918 2237 1154 2273 sanaretur.
1185 2224 1269 2269 Sed
1296 2224 1379 2269 sibi
1407 2224 1493 2268 hoc

115 2300 292 2356 dicant,
317 2311 359 2346 et
391 2300 531 2346 multo
551 2301 733 2346 maxime
751 2299 977 2345 humiliter
992 2297 1190 2350 doleant,
1212 2294 1289 2358 qui
1312 2294 1357 2339 in
1373 2304 1491 2339 tanta

116 2380 255 2415 morte
276 2369 545 2432 praecisionis
563 2373 711 2429 jacent
729 2407 739 2425 ‚
760 2380 807 2415 ut
824 2369 905 2414 isto
928 2366 1120 2445 quodam
1145 2364 1325 2411 vulnere
1347 2362 1498 2407 matris

118 2440 350 2487 catholicae
370 2457 488 2486 rele
492 2451 642 2487 1scant
668 2441 783 2485 Cum
804 2439 916 2485 enim
935 2437 1143 2502 praecisus
1168 2451 1312 2480 ramus
1340 2432 1498 2479 inseri·

118 2521 208 2565 tur,
233 2511 283 2555 fit
304 2510 422 2556 aliud
436 2511 621 2556 vulnus
611 2528 654 2555 11]
673 2511 850 2564 arbore,
871 2526 958 2573 quo
979 2507 1114 2571 possit
1133 2504 1292 2567 recipi,
1315 2513 1363 2548 ut
1380 2502 1497 2547 vivat

119 2580 197 2686 qui
216 2580 305 2626 sine
323 2581 409 2626 vita
431 2580 587 2626 radicis
609 2581 816 2644 peribat:
842 2579 915 2626 sed
935 2595 1037 2625 cum
1055 2585 1255 2640 receptus
1271 2570 1500 2636 recipienti

171 2661 324 2694 ¹.1Petr
345 2674 390 2703 11·,
410 2664 439 2693 8
458 2662 750 2696 --²1Cor.x11¹.
773 2665 801 2693 3.
