1799 3251
544 313 757 346 EPISTOLA
792 315 945 348 CXLIII.
1374 319 1427 367 91

65 391 297 438 noverunt,
327 381 390 428 vel
418 379 470 427 de
489 398 557 426 me
571 398 721 427 verum
758 381 960 439 credunt,
989 398 1065 443 ego
1094 381 1148 428 ab
1174 381 1232 428 eis
1252 381 1435 445 diligor3

67 451 113 498 in
131 463 346 516 quantum
376 462 518 497 autem
547 451 656 496 mihi
678 451 895 507 tribuunt,
916 452 1033 516 quod
1056 453 1100 498 in
1117 470 1185 498 me
1214 470 1299 498 non
1334 471 1441 515 cog-

61 534 265 579 noscunt,
291 522 422 569 alium
447 521 574 567 talem
603 521 773 585 qualem
799 540 865 567 me
892 533 1079 586 putant,
1120 540 1203 587 pro
1227 540 1295 569 me
1329 523 1436 571 dili-

61 603 182 653 gunt.
202 593 389 639 Romani
414 594 623 638 maximus
653 603 803 639 auctor
829 594 996 639 Tullius
1015 593 1194 657 eloquii,
1212 614 1231 634 «
1253 593 1432 640 Nullum

60 684 81 705 ›>
108 681 298 728 unquam
317 664 519 719 verbum,
546 663 688 727 inquit
707 663 760 709 de
774 663 984 728 quodam,
999 664 1119 727 quod
1137 681 1336 711 revocare
1349 665 1434 711 vel-

60 754 81 775 »
104 733 180 790 let,
206 735 361 781 emisit.
388 735 535 791 »Quae
559 734 734 797 quidem
754 734 864 790 laus,
882 734 1080 798 quamvis
1103 734 1433 798 praeclarissima

57 804 282 862 videatur,
310 816 453 851 tamen
478 804 729 851 credibilior
753 815 813 850 est
837 804 890 851 de
916 805 1105 850 nimium
1139 805 1278 862 fatuo,
1299 823 1431 869 quam

58 874 111 921 de
139 879 329 940 sapiente
353 875 560 940 perfecto.
587 876 695 921 lNam
713 875 830 921 etilli
852 893 959 939 quos
980 875 1108 935 vulgo
1129 876 1341 922 moriones
1360 894 1431 922 vo-

57 957 187 1003 cant,
213 958 376 1011 quanto
400 947 534 1007 magis
562 965 584 992 a
612 964 735 992 sensu
754 947 978 992 communi
1005 946 1244 1003 dissonant,
1271 947 1431 1007 magis-

57 1033 141 1080 que
164 1017 340 1064 absurdi
360 1029 396 1064 et
419 1017 567 1063 insulsi
585 1028 701 1074 sunt,
731 1028 848 1063 tanto
883 1018 1019 1078 magis
1055 1017 1225 1063 nullum
1246 1018 1429 1064 verbum

56 1087 276 1144 emittunt,
295 1087 414 1152 quod
439 1105 639 1134 revocare
655 1087 788 1135 velint
811 1106 820 1133 ε
838 1088 940 1152 quia
958 1088 1065 1133 dicti
1090 1087 1192 1133 mali
1206 1087 1272 1133 vel
1289 1089 1425 1145 stulti,

57 1157 125 1204 vel
156 1158 673 1223 incommodipoenitere,
703 1160 852 1223 utique
887 1159 1168 1206 cordatorum
1189 1172 1263 1206 est.
1296 1159 1379 1205 Sed
1397 1160 1431 1205 si

55 1229 100 1275 in
137 1230 297 1276 bonam
317 1242 485 1295 partem
510 1231 768 1295 accipiatur,
809 1243 857 1277 ut
880 1231 1131 1295 quempiam
1154 1230 1281 1276 talem
1303 1230 1430 1277 fuisse

57 1300 282 1347 credamus
311 1302 386 1365 qui
412 1319 512 1347 cum
552 1303 766 1366 sapienter
798 1304 941 1348 omnia
970 1302 1236 1366 loqueretur,
1259 1302 1429 1347 nullum

56 1387 249 1435 unquam
268 1373 469 1428 verbum,
492 1373 610 1436 quod
630 1391 831 1419 revocare
852 1373 978 1420 vellet
1002 1371 1162 1418 emisit:
1184 1373 1270 1418 hoc
1283 1373 1429 1436 potius

55 1441 109 1488 de
142 1442 398 1489 hominibus
419 1443 514 1500 Dei,
542 1444 618 1508 qui
639 1444 806 1507 Spiritu
835 1455 984 1490 sancto
1017 1443 1101 1489 acti
1136 1442 1272 1489 locuti
1307 1454 1424 1500 sunt,

54 1529 185 1576 quam
213 1512 266 1558 de
289 1513 362 1559 illo
380 1531 508 1578 quern
534 1515 585 1560 sit
603 1515 755 1561 Cicero
773 1513 941 1570 laudat,
964 1513 1246 1560 saluberrima
1269 1514 1428 1577 pietate

54 1583 317 1630 credendum
342 1596 418 1630 est.
437 1585 507 1629 Ab
528 1584 611 1630 hac
635 1602 711 1645 ego
725 1583 972 1631 excellentia
993 1595 1079 1629 tam
1102 1583 1228 1644 longe
1253 1585 1423 1641 absum,

55 1664 104 1699 ut
128 1654 162 1700 si
180 1655 349 1700 nullum
365 1655 546 1701 verbum
572 1655 692 1719 quod
713 1673 915 1702 revocare
940 1655 1089 1701 vellem
1106 1654 1346 1717 protulero,
1368 1655 1428 1700 sa-

55 1732 130 1771 tuo
165 1726 243 1772 sim
280 1744 409 1790 quam
447 1726 630 1790 sapienti
667 1727 862 1773 similior.
908 1726 1028 1772 lllius
1061 1726 1227 1789 quippe
1267 1726 1429 1790 scripta

54 1813 221 1842 summa
243 1808 341 1842 sunt
361 1798 618 1843 auctoritate
640 1798 906 1857 dignissima,
934 1797 1012 1861 qui
1030 1795 1200 1842 nullum
1226 1797 1425 1856 verbum,

53 1884 140 1913 non
161 1866 278 1931 quod
311 1885 509 1914 revocare
547 1868 697 1923 vellet,
735 1868 808 1914 sed
847 1868 967 1931 quod
1002 1883 1201 1913 revocare
1226 1866 1420 1924 deberet,

53 1937 205 1984 emisit.
257 1938 353 1983 Hoc
373 1939 569 2002 quisquis
594 1938 792 1984 nondum
824 1948 886 1984 est
923 1946 1168 1993 assecutus,
1218 1937 1451 2003 secundas

52 2008 215 2054 habeat
243 2020 384 2073 partes
405 2010 643 2066 modestiae,
668 2011 768 2074 quia
792 2010 956 2074 primas
982 2026 1070 2054 non
1097 2009 1243 2072 potuit
1265 2008 1427 2054 habere

54 2080 304 2143 sapientiae:
325 2081 424 2144 quia
447 2098 534 2127 non
553 2081 690 2127 valuit
704 2082 849 2127 omnia
863 2098 951 2126 non
975 2079 1230 2144 poenitenda
1249 2079 1429 2140 diligen-

54 2160 118 2196 ter
137 2151 311 2209 dixisse,
341 2152 552 2215 poeniteat
568 2170 668 2216 quae
694 2152 944 2213 cognoverit
964 2150 1147 2197 dicenda
1163 2168 1251 2196 non
1278 2151 1419 2197 fuisse.

119 2222 192 2269 lv.
222 2224 333 2268 Cum
355 2241 456 2283 ergo
481 2241 568 2269 non
594 2223 722 2279 sicut,
743 2223 920 2287 quidam
947 2221 1193 2268 charissimi
1222 2222 1304 2267 mei
1340 2239 1428 2285 pu-

55 2304 147 2339 tant
175 2330 185 2349 ‚
218 2293 336 2338 nulla
363 2293 427 2339 vel
460 2311 618 2356 pauca,
654 2293 726 2339 sed
753 2294 899 2357 potius
931 2292 1059 2356 plura
1092 2291 1267 2337 fortasse
1294 2308 1427 2354 quam

52 2365 180 2411 etiam
207 2363 403 2410 maledici
417 2365 653 2428 opinantur
677 2365 810 2412 verba
829 2364 1141 2427 dixerim‚quae
1163 2361 1339 2408 mallem
1363 2380 1427 2408 re-

53 2453 224 2492 vocare,
251 2435 281 2481 si
304 2453 496 2499 possem3
518 2453 604 2481 non
625 2436 734 2482 mihi
756 2435 960 2482 Tulliana
986 2434 1059 2480 illa
1082 2432 1312 2479 blanditur
1335 2450 1426 2479 sen-

54 2506 205 2563 tentia,
220 2523 305 2571 qua
325 2507 565 2552 dictumest
586 2524 595 2551 :
623 2527 643 2548 «
666 2506 852 2554 Nullum
875 2522 1067 2569 unquam
1087 2504 1290 2559 verbum,
1306 2504 1427 2567 quod

55 2598 76 2619 ›>
97 2593 298 2623 revocare
319 2576 462 2632 vellet,
487 2576 625 2622 emisit
650 2594 660 2621 :
687 2598 707 2618 »
733 2576 806 2623 sed
829 2576 947 2637 angit
967 2593 1034 2622 me
1049 2574 1176 2639 plane
1193 2575 1432 2620 Horatiana

55 2647 260 2703 sententia
283 2666 295 2701 ;
322 2646 503 2694 «Nescit
521 2664 601 2695 vox
624 2646 749 2694 missa
771 2647 941 2696 reverti.
960 2667 979 2691 >2
994 2646 1112 2694 Hinc
1131 2656 1194 2693 est
1213 2644 1333 2709 quod
1361 2661 1434 2711 pe=
