1799 3251
530 305 743 336 EmsrorA
778 308 1004 339 chxxvu.
1385 296 1472 342 531

110 367 238 415 tismo
271 369 398 416 fuisse
421 369 631 426 creditur,
659 370 767 433 quid
798 373 1133 435 respondebitur
1159 374 1212 419 de
1254 375 1320 420 his
1340 412 1349 430 ‚
1373 378 1448 438 qui
1467 414 1476 432 ‚

111 448 341 502 antequam
362 439 449 484 hoc
466 450 735 502 praeceptum
759 452 880 497 esset,
904 442 994 487 Deo
1014 442 1291 505 placuerunt,
1314 461 1400 490 non
1417 456 1478 490 ta-

109 524 208 554 men
228 508 316 554 sine
330 509 443 555 fide?
459 530 480 551 ‹<
504 509 618 566 Quia
644 509 732 554 sine
756 510 857 567 fide,
879 533 898 553 ›>
921 522 968 557 ut
987 513 1197 575 scriptum
1225 524 1286 559 est
1311 514 1363 559 ad
1385 516 1474 560 He-

107 578 279 625 braeos:
302 579 610 643 «Impossibile
627 591 688 625 est
717 581 806 625 Deo
827 582 999 644 placere
1017 582 1049 629 1.
1076 584 1293 629 Habentes
1314 595 1476 642 autem,

109 649 297 712 »inquit
337 650 570 713 Apostolus
597 668 607 695 τ
653 650 865 696 Eumdem
904 653 1116 715 Spiritum
1143 655 1264 711 fidei³
1298 666 1479 718 propter

108 739 130 761 ›>
152 719 273 782 qnod
296 721 508 782 scriptum
535 731 614 776 est,
646 720 843 777 Credidi,
885 732 1064 785 propter
1091 724 1210 786 quod
1238 736 1279 770 et
1311 726 1483 772 locutus

107 810 129 832 >›
148 806 272 842 sum;
302 800 345 836 et
366 807 445 835 nos
465 790 680 836 credimus
697 826 708 847 ‚
751 802 932 854 propter
958 792 1077 855 quod
1095 803 1136 838 et
1158 793 1379 856 loquimur
1400 796 1433 842 ².
1465 817 1484 837 ›>

107 861 206 906 Non
231 859 394 906 diceret
410 860 630 917 eumdem,
651 863 733 907 nisi
757 872 798 907 et
818 862 995 908 illorum
1014 863 1129 908 idem
1147 864 1238 926 ipse
1255 875 1358 910 esset
1380 866 1484 929 Spi-

106 931 214 976 ritus
236 930 354 976 fidei.
394 931 516 977 Sicut
538 942 681 977 autem
703 932 767 977 illi
790 932 966 995 qnando
1004 933 1117 978 idem
1153 935 1483 981 Sacramentum

107 1000 329 1046 occultum
362 1011 484 1057 erat,
513 1001 751 1047 credebant
779 1002 944 1048 Christi
980 1004 1322 1049 incarnationem
1358 1006 1483 1052 futu-

105 1087 217 1127 ram,
242 1070 303 1116 sic
328 1081 370 1115 et
386 1088 464 1116 nos
491 1071 709 1117 credimus
728 1072 902 1119 factam.
936 1074 991 1119 Et
1011 1091 1030 1118 a
1051 1074 1177 1119 nobis
1202 1085 1343 1120 antem
1364 1086 1405 1121 et
1424 1076 1479 1122 ab

105 1141 190 1187 illis
212 1140 386 1187 futurus
406 1153 657 1205 expectatur
681 1143 736 1189 ad
753 1143 973 1203 judicium
996 1148 1086 1204 ejus
1111 1144 1335 1192 adventus.
1381 1147 1479 1192 Non

105 1222 167 1258 est
185 1212 298 1257 enim
321 1212 441 1258 aliud
454 1213 534 1258 Dei
558 1215 826 1276 mysterium,
845 1214 927 1259 nisi
942 1214 1158 1266 Christus,
1180 1215 1224 1260 in
1242 1232 1329 1278 quo
1348 1234 1483 1280 opor-

109 1293 193 1328 teat
214 1283 426 1329 vivificari
446 1294 642 1329 mortuos
661 1285 705 1329 in
728 1284 894 1330 Adam:
932 1306 951 1326 «
976 1285 1090 1342 Quia
1109 1287 1222 1331 sicut
1257 1286 1301 1331 in
1340 1286 1481 1333 Adam

105 1374 125 1395 »
151 1370 298 1399 omnes
323 1354 590 1411 moriuntur,
618 1354 679 1401 sic
701 1365 742 1400 et
758 1355 803 1400 in
827 1355 1004 1401 Christo
1024 1373 1170 1402 omnes
1190 1356 1482 1404 vivificabun-

107 1435 220 1470 »tur
238 1424 255 1453 3
282 1441 292 1469 ε
317 1445 337 1467 2>
362 1424 735 1486 quemadmodum
757 1425 958 1489 superius
977 1426 1269 1474 disseruimus.

169 1494 349 1542 XXXV.
376 1495 678 1551 Quamobrem
702 1496 818 1542 Deus
841 1495 919 1559 qui
940 1496 1105 1559 ubique
1124 1514 1314 1560 praesens
1336 1509 1414 1555 est,
1441 1509 1481 1545 et

107 1565 271 1629 ubique
294 1575 410 1611 totus
433 1601 443 1621 ‚
472 1582 559 1610 non
579 1566 623 1610 in
638 1566 842 1611 omnibus
862 1565 1052 1623 habitat,
1081 1566 1154 1612 sed
1175 1567 1220 1611 in
1237 1566 1295 1612 eis
1308 1577 1477 1614 tantum

105 1653 214 1699 quos
229 1635 360 1681 efficit
381 1635 679 1682 beatissimum
711 1635 924 1698 templum
948 1652 1092 1691 suum,
1138 1635 1204 1682 vel
1236 1637 1479 1684 beatissima

108 1705 271 1769 templa
291 1722 385 1761 sua,
416 1722 569 1751 eruens
593 1722 663 1751 eos
692 1723 714 1751 a
732 1715 945 1768 potestate
964 1705 1243 1750 tenebrarum
1273 1716 1314 1751 et
1340 1717 1482 1754 trans-

106 1776 244 1822 ferens
265 1777 311 1822 in
339 1793 519 1836 regnum
550 1776 647 1821 Fili1
665 1775 894 1821 charitatis
914 1792 1019 1832 suae,
1047 1776 1166 1838 quod
1185 1776 1343 1840 incipit
1365 1795 1388 1822 a
1411 1795 1481 1823 re-

108 1847 379 1908 generatione
398 1847 431 1891 4.
459 1846 596 1893 Aliter
615 1857 757 1892 autem
778 1846 942 1892 dicitur
961 1846 1171 1909 templum
1186 1850 1276 1906 ejus
1289 1847 1334 1892 in
1351 1849 1480 1908 signi-

106 1917 325 1973 ficatione,
347 1934 447 1963 cum
467 1917 518 1962 fit
529 1934 606 1979 per
620 1933 773 1962 manus
790 1916 1019 1962 hominum
1040 1916 1092 1961 de
1110 1917 1238 1962 rebus
1259 1917 1477 1975 inanimis,

106 1989 216 2035 sicut
241 1987 588 2044 tabernaculum,
621 1987 765 2046 lignis,
793 1987 915 2041 velis,
945 1987 1135 2050 pellibus
1167 1997 1294 2049 atque
1318 1987 1474 2048 hujus-

107 2059 224 2105 modi
272 2058 537 2111 mobilibus3
578 2058 689 2103 sicut
726 2058 855 2102 etiam
880 2074 959 2120 per
997 2056 1267 2102 Salomonem
1316 2075 1475 2117 regem,

109 2128 320 2192 templum
338 2127 577 2190 lapidibus,
599 2127 727 2187 lignis
742 2164 752 2182 ‚
791 2126 976 2172 metallis
995 2137 1309 2172 constructum.
1345 2128 1479 2174 Aliter

106 2215 208 2245 vero
228 2215 273 2243 re
292 2197 385 2263 ipsa
407 2213 525 2251 vera,
557 2213 657 2260 quae
676 2197 761 2242 illis
780 2196 1172 2256 significationibus
1194 2196 1377 2255 figurata
1395 2209 1470 2245 est.

107 2269 233 2315 Unde
250 2268 441 2314 dicitur}
466 2288 487 2309 c<
512 2269 566 2312 Et
593 2284 667 2313 vos
702 2277 907 2329 tanquam
931 2266 1097 2329 lapides
1129 2266 1236 2320 vivi,
1281 2267 1478 2315 aedifica-

109 2362 129 2382 »
146 2340 254 2386 mini
276 2339 433 2385 domus
463 2337 667 2401 spiritalis
685 2337 717 2384 5.
738 2358 759 2379 ›>
784 2338 840 2382 Et
861 2336 980 2382 unde
1011 2336 1113 2382 item
1145 2337 1354 2400 scriptum
1378 2350 1439 2385 est
1466 2358 1477 2386 :

107 2434 128 2454 «
153 2413 240 2457 Nos
262 2411 377 2456 enim
416 2409 576 2472 templa
603 2409 680 2454 Dei
716 2408 804 2454 vivi
831 2424 1005 2463 summ,
1046 2407 1158 2454 sicut
1201 2410 1317 2455 Deus
1344 2410 1478 2465 dicit;

157 2522 164 2541 ¹
186 2518 285 2551 Hebr.
308 2530 353 2556 xi,
372 2519 404 2549 6.
437 2537 476 2542 -—
499 2517 514 2538 ²
535 2529 551 2548 2
571 2521 645 2550 Cor.
669 2529 711 2554 iv,
738 2518 775 2548 15
792 2543 799 2556 ,
820 2524 850 2548 et
868 2516 949 2548 Psal.
971 2527 1044 2553 cxv,
1067 2528 1095 2547 x.
1126 2535 1165 2540 —
1183 2513 1198 2539 ³
1221 2527 1235 2549 t
1256 2519 1331 2552 Cor.
1347 2530 1403 2560 xv,
1427 2531 1482 2554 22,

110 2573 181 2601 —⁴
199 2574 319 2607 coloss.
340 2584 366 2613 1,
392 2575 442 2606 13.
457 2572 529 2597 —5
550 2586 561 2606 1
584 2576 668 2608 Petr.
687 2586 726 2617 ιι,
755 2575 784 2612 5,
804 2578 836 2605 et
855 2583 871 2604 2
893 2573 963 2606 Cor.
980 2582 1023 2608 vi,
1043 2573 1094 2603 16.

1276 2635 1353 2694 34.
