1799 3251
357 321 452 371 388
780 337 815 369 s,
857 335 1098 369 Auorsrtxl
1136 336 1337 369 EPISCOPI
1375 327 1377 329 ’

359 404 525 461 editos,
549 403 621 450 sed
648 402 814 450 ablatos
844 404 1098 467 priusquam
1134 403 1242 448 mihi
1275 403 1460 451 editione
1489 421 1582 452 mea
1611 405 1731 467 digni

360 475 626 522 viderentur.
668 474 703 519 V
707 491 827 520 erum
861 475 1095 520 multotum
1138 475 1320 520 fratrum
1358 476 1731 523 vehementissima

361 546 686 610 postulatione,
714 557 754 591 et
780 547 960 592 maxime
993 557 1062 591 tua
1094 547 1285 605 jussione
1310 548 1585 610 compulsus,
1621 565 1730 612 opus

359 628 449 662 tam
464 617 752 666 laboriosum.
784 616 916 676 z'tdjux
921 627 991 662 atn
996 634 1016 661 e
1048 617 1258 671 Domino,
1290 618 1518 664 telminare
1537 619 1686 665 curavi
1715 636 1725 664 ε

338 697 518 750 .eo'sque
536 687 699 733 emend
693 670 781 732 ttos
804 704 887 732 non
920 698 963 732 ut
987 687 1124 734 „olai
1150 687 1219 731 sed
1248 698 1295 732 ut
1315 689 1452 750 potui,
1480 707 1531 734 ne
1551 690 1606 734 ab
1624 689 1726 745 illis,

362 758 439 820 qui
463 757 757 820 subreptijam
777 759 818 803 in
834 775 985 803 manus
1010 736 1237 803 hominum
1264 759 1467 815 exierant,
1488 727 1729 822 plurimuni

360 827 679 891 discreparent,
703 829 965 874 venerationi
999 839 1082 873 tuae
1118 845 1193 890 per
1227 827 1363 873 filium
1392 840 1587 875 nostrum
1619 847 1730 875 con-

358 897 593 943 diaconum
628 899 928 944 charissimun]
954 899 1048 942 misi
1069 936 1078 953 ,
1113 909 1153 942 et
1177 899 1439 961 cuicumque
1461 899 1697 945 audiendos
1716 937 1726 953 ‚

360 968 668 1015 describendos
685 1007 694 1017 .
721 969 1008 1032 legendosque
1032 970 1205 1032 permisi
1230 987 1238 1014 :
1270 971 1312 1014 in
1333 970 1495 1032 quibus
1519 970 1550 1015 si
1572 971 1731 1016 servari

361 1056 455 1084 mea
482 1038 707 1101 dispositio
729 1040 966 1103 potuisset,
988 1051 1122 1085 essent
1147 1041 1344 1102 profecto
1359 1041 1434 1085 etsi
1454 1041 1619 1086 easdem
1640 1059 1732 1086 sen-

362 1109 516 1154 tentias
533 1110 766 1166 hahentes,
790 1109 928 1155 multo
951 1121 1089 1155 tamen
1114 1110 1383 1157 enodatiores
1409 1122 1536 1174 atque
1558 1111 1730 1173 planio-

359 1196 444 1234 res,
466 1191 678 1241 quantum
711 1196 854 1225 rerum
875 1190 1089 1226 tantarum
1116 1181 1471 1243 explicandarum
1500 1181 1732 1227 difficultas

360 1260 403 1294 et
425 1248 606 1295 facultas
625 1262 770 1296 nostra
788 1262 1021 1314 pateretur.
1056 1252 1167 1296 Sunt
1186 1263 1324 1297 autem
1346 1252 1420 1315 qui
1446 1253 1610 1314 primos
1628 1270 1732 1317 qua-

362 1330 463 1365 tuor
488 1320 552 1365 ve]
576 1322 719 1383 potius
744 1322 938 1384 quinque
961 1322 1086 1367 etiam
1115 1323 1204 1366 sine
1234 1322 1458 1385 prooemiis
1486 1322 1672 1377 liabent,
1693 1334 1733 1367 et

359 1389 592 1435 duodecim
614 1392 703 1436 sine
730 1402 912 1436 extrema
933 1403 1055 1454 parte
1082 1409 1166 1437 non
1195 1410 1329 1455 parva
1357 1410 1366 1436 :
1410 1392 1481 1436 sed
1507 1393 1537 1437 si
1559 1393 1616 1437 eis
1636 1393 1732 1438 liaec

358 1460 493 1505 editio
518 1462 710 1523 potuerit
735 1462 999 1508 innotescere
1020 1500 1029 1514 ,
1062 1464 1204 1508 omnia
1228 1463 1258 1507 si
1286 1462 1503 1507 voluerint
1529 1473 1569 1506 et
1596 1462 1735 1508 value-

357 1530 465 1585 rint,
481 1531 793 1579 emendabunt.
819 1534 926 1577 Peto
945 1550 1042 1577 sane
1066 1543 1110 1577 ut
1129 1533 1241 1577 hane
1267 1532 1520 1595 Iipistolani‚
1545 1549 1732 1578 seorsum

358 1600 535 1663 quidem
557 1639 566 1652 ,
589 1601 658 1646 sed
680 1613 817 1647 tamen
839 1603 891 1647 ad
914 1614 1046 1666 capnt
1074 1603 1323 1649 eorumdem
1347 1603 1558 1647 librorum
1580 1604 1734 1662 jubeas

360 1671 579 1733 anteponi.
604 1671 720 1718 Vale.
757 1672 844 1717 Ora
866 1690 1042 1734 prome.
