1799 3251
555 277 768 309 nrrsrom
803 277 936 308 chn.
1351 264 1444 310 255

71 367 93 388 »
120 345 242 392 navit
262 361 341 408 per
368 358 506 389 unum
518 339 552 389 1.
583 363 602 384 >2
626 343 781 402 Legem
815 343 981 404 quippe
1001 341 1088 387 sive
1111 342 1350 388 naturalem
1370 343 1443 388 in-

72 414 340 474 telligamus,
367 428 466 475 quae
502 411 548 457 in
579 428 728 457 eorum
767 422 949 474 apparet
982 412 1215 468 aetatibus,
1250 413 1327 474 qui
1353 416 1446 472 jam

72 485 239 531 ratione
264 484 328 529 uti
345 492 526 546 possunt
546 501 557 535 ;
578 482 667 527 sive
695 483 1016 544 conscriptam,
1041 499 1142 545 quae
1163 482 1264 528 data
1288 493 1349 527 est
1369 500 1449 545 per

70 547 275 618 Moysen,
308 553 412 617 quia
447 569 526 598 nec
564 552 659 616 ipsa
693 552 913 598 vivificare
940 554 1117 616 potuit,
1150 563 1192 598 et
1223 553 1405 599 liberare
1427 571 1450 599 a

70 625 161 685 lege
185 625 355 687 peccati
382 634 425 670 et
445 625 597 669 mortis
619 659 630 680 ‚
651 639 752 687 quae
773 633 910 668 tracta
934 634 1001 669 est
1017 640 1063 668 ex
1089 624 1246 679 Adam,
1270 625 1342 670 sed
1362 642 1449 670 rna-

70 695 133 756 gis
148 694 319 740 addidit
335 693 705 757 praevaricationis
717 704 960 753 augmenta.
991 693 1106 738 «Ubi
1129 695 1239 738 enim
1262 695 1348 739 Lex
1365 711 1453 739 non

72 785 94 807 ›)
123 774 211 820 est,
251 765 310 812 ait
351 763 466 809 idem
495 763 754 827 Apostolus,
788 780 868 808 nec
914 763 1268 826 praevaricatio?
1295 785 1315 804 »
1346 765 1453 809 Pro-

78 833 180 880 inde
201 834 407 897 quoniam
431 833 495 879 lex
514 844 576 879 est
598 834 727 879 etiam
756 833 799 878 in
821 833 988 878 ratione
1012 832 1204 878 hominis
1224 869 1235 888 ,
1263 834 1340 896 qui
1360 837 1453 892 jam

73 904 212 949 utitur
243 903 427 949 arbitrio
448 903 662 949 libertatis
683 902 936 950 naturaliter
957 903 1002 948 in
1022 902 1152 948 corde
1175 904 1423 966 conscripta
1439 939 1451 959 ,

76 989 166 1036 qua
184 974 427 1033 suggeritur
442 989 495 1018 ne
518 973 683 1037 aliquid
707 973 838 1018 faciat
854 973 1038 1036 quisque
1065 973 1204 1022 alteri,
1224 974 1344 1037 quod
1365 975 1458 1037 pati

75 1043 168 1107 ipse
186 1060 275 1089 non
288 1043 405 1089 vult:
428 1043 670 1089 secundum
692 1043 808 1089 hanc
830 1043 964 1103 legem
987 1043 1341 1106 praevaricatores
1358 1055 1457 1091 suut

77 1125 224 1160 omnes
243 1150 255 1171 ‚
279 1114 409 1160 etiam
436 1114 512 1177 qui
543 1115 699 1174 Legem
725 1131 804 1177 per
833 1116 1015 1178 Moysen
1045 1113 1193 1160 datam
1216 1131 1304 1160 non
1329 1131 1457 1161 acce—

82 1193 265 1248 perunt,
289 1184 343 1230 de
374 1185 536 1248 quibus
566 1185 612 1230 in
635 1184 811 1231 Psalmo
841 1185 1025 1245 legitur,
1063 1206 1083 1226 «
1101 1184 1460 1231 Praevaricatores

83 1276 105 1297 »
129 1255 340 1301 aestimavi
364 1271 509 1301 omnes
531 1266 783 1319 peccatores
810 1255 978 1302 terraess.
1013 1277 1030 1297 ι)
1052 1256 1150 1300 Non
1173 1255 1287 1300 enim
1310 1271 1459 1301 omnes

87 1335 338 1389 peccatores
372 1335 499 1371 terrae
521 1327 676 1386 Legem
715 1343 793 1388 per
824 1328 999 1389 Moysen
1022 1325 1167 1371 datam
1193 1326 1461 1388 praevarica-

82 1405 186 1441 runt
209 1412 220 1440 :
248 1394 321 1440 sed
344 1405 486 1440 tamen
518 1396 600 1441 nisi
634 1395 826 1458 aliquam
855 1395 1233 1457 praevaricassent,
1262 1413 1351 1441 non
1377 1412 1461 1457 ap·-

85 1463 352 1529 pellarentur
373 1466 730 1528 praevaricatores
750 1484 761 1511 :
789 1487 809 1507 «
836 1465 922 1511 Ubi
938 1465 1052 1511 enim
1074 1464 1136 1510 lex
1157 1482 1245 1511 non
1268 1476 1329 1511 est
1349 1502 1358 1519 ,
1382 1479 1462 1510 nee

88 1557 109 1577 »
134 1535 486 1597 praevaricatio.»
508 1535 803 1581 Praevaricata
826 1552 927 1595 ergo
950 1535 1040 1595 lege
1066 1551 1164 1598 quae
1190 1535 1234 1580 in
1259 1534 1464 1599 paradiso

89 1603 190 1651 data
228 1615 314 1661 est,
353 1605 547 1651 nascitur
580 1606 715 1652 homo
734 1623 780 1651 ex
817 1605 955 1651 Adam
988 1622 1088 1650 cum
1112 1605 1202 1665 lege
1235 1605 1403 1668 peccati
1423 1614 1463 1649 et

90 1674 265 1730 mortis,
289 1670 342 1721 de
364 1693 450 1740 qua
471 1675 633 1722 dicitur
649 1711 660 1731 ‚
687 1698 705 1715 «
728 1675 864 1720 Video
889 1675 1014 1720 aliam
1036 1674 1169 1734 legem
1193 1675 1238 1719 in
1261 1675 1465 1720 membris

93 1746 237 1791 »meis
272 1757 586 1809 repugnantem
613 1746 694 1806 legi
729 1746 882 1791 mentis
907 1762 1038 1801 meae,
1074 1755 1114 1790 et
1151 1746 1375 1807 captivum
1399 1761 1466 1790 me

96 1836 115 1856 η
135 1814 366 1860 ducentem
387 1815 432 1860 in
456 1815 547 1876 lege
569 1816 739 1879 peccati
763 1832 864 1879 quae
895 1825 957 1860 est
977 1815 1021 1860 in
1045 1815 1250 1860 membris
1276 1814 1420 1861 meis&
1445 1836 1465 1856 >)

96 1883 209 1944 Quae
239 1896 384 1931 tamen
418 1886 499 1931 nisi
529 1887 642 1932 mala
680 1897 827 1950 postea
858 1885 1172 1932 consuetudine
1207 1885 1464 1939 roboretur,

95 1955 265 2001 facilius
290 1957 482 2001 vincitur
498 1977 510 2011 3
529 1974 617 2003 non
637 1969 777 2002 tamen
799 1957 881 2002 nisi
912 1957 1047 2016 gratia
1073 1956 1166 2003 Dei.
1190 1957 1302 2015 Lege
1326 1967 1470 2001 autem

99 2025 182 2072 alia
209 2026 493 2089 praevaricata
512 2063 523 2083 ,
549 2044 650 2091 quae
676 2038 738 2073 cst
771 2027 816 2072 in
846 2043 924 2072 usu
952 2026 1130 2072 rationis
1158 2026 1312 2071 animae
1333 2027 1471 2071 ratio-

100 2096 207 2142 nalis
226 2097 270 2142 in
286 2107 413 2143 aetate
432 2097 724 2157 hominisjam
742 2099 907 2143 ratione
922 2098 1096 2152 utentis,
1117 2096 1473 2159 praevaricatores

102 2167 214 2212 fiunt
248 2184 396 2213 omnes
430 2179 680 2231 peccatores
719 2179 858 2215 terrae.
903 2167 1197 2213 Praevaricata
1234 2183 1334 2212 vero
1363 2171 1476 2226 Lege

103 2235 233 2281 etiam
256 2235 330 2281 illa
349 2273 359 2291 ,
403 2254 503 2299 quae
535 2237 636 2283 data
670 2249 731 2283 est
756 2255 833 2301 per
870 2239 1048 2300 Moysen
1067 2273 1078 2291 ‚
1122 2235 1261 2281 multo
1291 2236 1477 2299 amplius

107 2304 307 2351 abundat
337 2304 559 2353 delictum,
595 2328 613 2348 «
637 2307 680 2352 Si
711 2308 824 2352 enim
845 2307 946 2352 data
972 2317 1077 2351 esset
1099 2307 1183 2350 Lex
1211 2322 1309 2368 quae
1338 2316 1482 2368 posset

111 2396 131 2416 ›>
154 2375 376 2421 vivificare
395 2413 406 2431 ,
437 2378 613 2422 omnino
639 2395 685 2422 ex
709 2381 821 2436 Lege
840 2386 946 2422 esset
966 2376 1148 2435 justitia.
1168 2375 1250 2420 Sed
1271 2376 1483 2422 conclusit

110 2458 131 2486 5)
150 2444 377 2508 Scriptura
395 2447 540 2491 omnia
566 2447 647 2492 sub
662 2457 861 2510 peccato,
889 2457 936 2492 ut
956 2446 1181 2508 promissio
1204 2462 1251 2490 ex
1274 2446 1359 2491 fide
1383 2447 1486 2493 Jesu

161 2545 171 2567 ¹
197 2548 293 2579 Rom.
320 2556 351 2583 v,
383 2557 435 2585 17.
465 2565 505 2571 —-
531 2545 546 2568 ‘²
568 2547 615 2579 [d.
648 2559 690 2586 iv,
720 2549 773 2581 15,
801 2565 844 2571 -—
873 2544 887 2568 3
918 2544 1001 2577 Psal.
1029 2556 1153 2584 cxx-xxx,
1194 2557 1268 2585 ¹¹9-
1301 2541 1488 2581 --4H0111.

115 2609 186 2641 vn,
210 2600 266 2631 23.
