1799 3251
332 284 423 328 300·
744 295 776 322 s.
822 292 1064 321 Accusrim
1101 292 1300 321 Episcom

333 376 529 423 veraeque
558 357 752 422 pietatis,
775 356 847 401 sed
872 355 925 401 ad
949 356 1106 400 fastum
1131 355 1303 400 inanem
1336 355 1543 400 humanae
1567 353 1709 399 laudis

332 445 373 478 et
390 431 539 491 gloriae
552 467 562 482 ‚
580 429 706 474 etiam
729 427 821 490 ipsa
835 427 1090 472 inanescunt
1105 425 1296 489 quodam
1316 425 1446 471 modo
1465 424 1709 488 steriliaque

330 501 576 548 redduntur
596 517 607 544 :
637 507 935 544 verumtamen
955 495 1144 560 quadam
1164 495 1310 540 indole
1331 495 1464 540 animi
1484 495 1540 540 ita
1561 494 1708 540 delec-

329 583 448 627 tant,
475 582 526 616 ut
545 587 614 615 eos
631 570 676 614 in
695 568 857 631 quibus
881 566 979 612 haec
997 566 1172 611 fuerunt
1199 565 1427 617 vellemus,
1450 565 1519 610 vel
1548 566 1708 627 praeci—

329 658 417 706 pue
438 641 507 686 vel
529 656 630 685 cum
656 638 823 684 caeteris
847 637 904 682 ab
926 635 1077 681 inferni
1104 635 1371 680 cruciatibus
1396 635 1598 689 liberari,
1627 635 1709 679 nisi

329 712 451 758 aliter
470 727 511 756 se
523 710 707 755 haberet
724 724 869 753 sensus
889 706 1124 759 humanm,
1147 705 1270 749 aliter
1283 705 1448 764 justitia
1470 704 1700 750 Creatoris.

392 781 444 827 V.
476 781 588 836 Quae
608 796 709 825 cum
729 778 788 823 ita
807 777 915 832 sint,
933 776 966 820 si
986 792 1132 820 omnes
1153 774 1253 819 inde
1275 774 1404 819 solvit
1427 774 1640 828 Salvator,
1665 784 1708 818 et

326 854 438 899 sicut
458 851 680 914 requirens
710 847 918 911 scripsisti
938 864 948 891 ε
972 868 993 887 α
1012 846 1263 891 Exinanixit
1283 845 1450 890 inferna
1468 882 1478 901 ‚
1509 855 1557 890 ut
1581 844 1708 890 dein-

330 940 432 986 ceps
452 921 671 982 judicium
699 923 791 979 jam
815 927 1111 981 expectaretur
1147 926 1383 961 extremum
1401 952 1412 971 ,
1437 937 1458 956 »
1485 915 1585 961 haec
1611 925 1710 960 sunt

329 1010 430 1056 quae
461 993 507 1037 in
526 991 610 1036 hac
630 1007 674 1035 re
700 1006 787 1034 non
815 988 1030 1033 immerito
1054 997 1255 1041 movent,
1281 1003 1380 1049 quae
1405 985 1514 1031 mihi
1537 985 1710 1030 interim

330 1061 539 1122 cogitanti
567 1060 704 1105 solent
728 1075 969 1104 occurrere.
1004 1057 1202 1102 Primum
1229 1073 1314 1119 qua
1349 1056 1607 1101 auctoritate
1632 1056 1708 1100 fir-

328 1143 472 1178 metur
505 1131 584 1176 ista
606 1129 829 1175 sententia.
858 1127 992 1183 Quod
1017 1127 1131 1171 enim
1173 1127 1387 1188 scriptum
1416 1136 1477 1171 est
1502 1126 1547 1170 in
1573 1136 1710 1170 morte

328 1201 494 1248 Christi
510 1199 673 1246 factum
692 1220 712 1240 ε(
729 1198 890 1243 Solutis
910 1197 1137 1243 doloribus
1156 1196 1313 1241 inferni
1330 1232 1342 1252 ‚
1367 1218 1386 1237 ›>
1403 1196 1468 1241 vel
1492 1195 1545 1240 ad
1564 1196 1709 1258 ipsum

329 1283 474 1336 potest
492 1270 673 1329 intelligi
692 1269 923 1332 pertinere,
944 1265 1064 1330 quod
1083 1283 1152 1311 eos
1170 1266 1380 1311 hactenus
1399 1264 1574 1310 solverit
1589 1302 1600 1321 ‚
1623 1265 1712 1310 hoc

331 1354 417 1400 est,
451 1343 594 1388 irritos
624 1339 797 1394 fecerit,
826 1355 879 1383 ne
902 1338 957 1382 ab
981 1338 1040 1382 eis
1071 1336 1162 1399 ipse
1197 1346 1433 1391 teneretur,
1469 1337 1710 1398 praesertim

331 1414 435 1477 quia
462 1410 656 1474 sequitur
679 1427 690 1453 :
714 1430 734 1450 (ι
754 1410 805 1454 In
822 1407 983 1470 quibus
998 1406 1268 1469 impossibile
1288 1417 1378 1451 erat
1400 1407 1531 1451 teneri
1549 1422 1664 1452 eum.
1691 1427 1712 1446 >2

332 1485 369 1528 V
372 1483 410 1529 el
437 1483 471 1528 si
499 1498 628 1528 causa
653 1480 866 1543 quaeritur
894 1495 973 1523 cur
1000 1477 1183 1523 voluerit
1206 1478 1352 1522 venire
1381 1477 1427 1521 in
1455 1476 1674 1522 infernum
1697 1513 1707 1532 ,

335 1554 412 1601 ubi
446 1552 616 1599 dolores
641 1550 706 1596 illi
740 1560 902 1602 essent,
928 1548 1090 1610 quibus
1116 1548 1249 1593 teneri
1273 1548 1451 1592 omnino
1475 1564 1562 1591 non
1583 1558 1713 1610 pote-

333 1635 399 1670 rat
416 1661 427 1680 ‚
447 1623 550 1687 quia
568 1632 658 1666 erat
674 1657 684 1676 ‚
704 1630 754 1666 ut
777 1619 991 1681 scriptum
1010 1628 1069 1663 est
1093 1653 1103 1672 ‚
1131 1638 1151 1658 «
1168 1619 1220 1662 ln
1238 1618 1418 1662 mortuis
1435 1616 1600 1670 liber13
1627 1639 1647 1658 »
1668 1618 1713 1663 in

329 1711 418 1758 quo
444 1693 646 1756 princeps
669 1701 711 1735 et
741 1688 1003 1752 praepositus
1033 1687 1184 1733 mortis
1210 1704 1297 1732 non
1331 1687 1495 1732 invenit
1521 1687 1711 1750 aliquid,

334 1764 454 1829 quod
492 1761 711 1825 supplicio
746 1760 976 1805 deberetur
999 1758 1118 1803 :hoc
1158 1757 1321 1802 scilicet
1351 1756 1471 1820 quod
1500 1757 1713 1820 scriptum

336 1848 399 1883 est
424 1854 435 1881 :
461 1857 480 1876 «
503 1833 665 1879 Solutis
685 1830 910 1877 doloribus
927 1830 1108 1885 inferni,
1128 1852 1148 1871 >2
1170 1829 1316 1873 nonin
1335 1828 1563 1886 omnibus,
1582 1828 1713 1874 sedin

333 1905 599 1972 quibusdam
626 1902 765 1965 accipi
785 1911 952 1964 potest,
973 1917 1081 1963 quos
1102 1899 1174 1945 ille
1195 1899 1348 1959 dignos
1363 1899 1443 1944 ista
1458 1899 1714 1944 liberatione

329 1976 564 2039 judicabat
583 1991 592 2018 :
617 1983 665 2018 ut
684 1988 822 2034 neque
840 1969 999 2015 frustra
1019 1970 1125 2015 illuc
1141 1969 1407 2014 descendisse
1431 1969 1709 2025 existimetur,

338 2048 448 2094 nulli
470 2061 619 2091 eorum
644 2041 901 2106 profuturus
923 2040 1000 2103 qui
1030 2040 1094 2085 ihi
1125 2039 1385 2084 tenebantur
1417 2039 1598 2093 inclusi,
1637 2058 1714 2086 nec

338 2130 485 2164 tamen
511 2115 565 2160 sit
589 2128 854 2175 consequens
873 2147 884 2166 ‚
909 2120 957 2155 ut
976 2109 1096 2173 quod
1122 2108 1269 2154 divina
1294 2108 1557 2172 quibusdam
1583 2110 1713 2155 mise-

336 2185 525 2234 ricordia
561 2182 814 2244 justitiaque
846 2179 1080 2233 concessit,
1122 2178 1325 2223 omnibus
1349 2195 1602 2224 concessum
1628 2196 1713 2226 esse

339 2255 585 2321 putandum
600 2254 667 2300 sit.

410 2328 482 2373 Vl.
523 2326 579 2371 Et
604 2323 657 2369 de
686 2322 760 2368 illo
785 2320 961 2382 quidem
1003 2319 1146 2382 primo
1184 2320 1362 2365 homine
1394 2331 1518 2383 patre
1551 2320 1714 2380 generis

340 2397 526 2446 humani
545 2434 554 2451 ,
581 2393 700 2458 quod
716 2409 814 2440 eum
834 2393 935 2438 inde
952 2390 1149 2446 solverit,
1179 2391 1369 2436 Ecclesia
1383 2391 1469 2436 fere
1493 2402 1582 2436 tota
1603 2408 1714 2437 con-

340 2468 498 2516 sentit:
525 2464 645 2529 quod
659 2481 753 2510 earn
774 2479 862 2508 non
881 2461 1063 2507 inaniter
1084 2460 1315 2506 credidisse
1335 2461 1598 2507 credendum
1623 2472 1708 2517 est,

341 2538 648 2599 undecumque
688 2533 775 2581 hot:
816 2531 1026 2579 traditum
1068 2531 1121 2576 sit
1144 2567 1153 2584 ,
1196 2531 1363 2576 etiamsi
1402 2530 1712 2577 canonicarum

385 2623 395 2645 ¹
412 2621 490 2654 Psal.
503 2630 648 2656 »xxxx-11,
668 2620 702 2651 6.
