1799 3251
305 279 394 310 220
723 279 759 309 5.
804 277 1047 309 Auetsnm
1082 277 1284 309 Eriscori

298 344 499 389 tex-imai?
521 341 638 400 Quid
659 342 692 389 si
713 342 828 389 filius
851 343 1005 390 timens
1023 344 1157 407 patris
1177 344 1250 407 pia
1270 344 1448 390 verbera
1466 379 1476 396 ‚
1511 344 1676 407 praeci·-

295 415 405 477 pitio
429 416 608 477 pereat?
635 413 756 471 Quid
779 414 813 459 si
848 413 955 459 alius
975 414 1153 459 homine
1175 414 1384 471 liberato,
1409 414 1477 459 vel
1496 431 1549 459 ne
1568 414 1674 460 alius

296 484 530 541 liberetur,
568 483 652 529 sibi
685 485 777 547 ipse
808 495 990 529 mortem
1015 484 1198 529 inferat?
1228 484 1343 529 Num
1373 495 1555 547 propter
1573 483 1674 529 istas

299 553 535 599 alienarum
556 553 758 600 mortium
777 571 943 605 causas,
973 565 1046 599 aut
1066 554 1210 599 sceleri
1227 553 1580 599 consentiendum
1596 564 1672 609 est,

298 634 372 668 aut
392 624 586 669 vindicta
607 625 779 687 peccati
798 641 920 687 ,quae
934 641 1019 669 non
1035 625 1083 669 fit
1102 623 1316 679 nocendi,
1337 623 1410 668 sed
1430 623 1673 683 corrigendi

297 694 440 739 studio
459 731 469 747 ,
500 694 628 739 etiam
650 705 831 757 paterna
857 693 1044 739 tollenda
1068 731 1077 739 .
1107 704 1179 738 aut
1203 710 1333 755 opera
1366 692 1673 738 misericordiae

296 765 547 810 cohibenda
564 768 694 811 sunt?
713 766 820 810 Haec
840 782 939 810 cum
959 764 1185 818 accidunt,
1207 764 1416 809 debemus
1439 765 1497 809 eis
1513 764 1672 809 huma-

298 852 401 880 num
418 835 641 889 dolorem3
665 853 750 880 non
770 845 950 897 propter
965 834 1056 890 illa,
1079 852 1130 879 ne
1151 833 1366 890 accidant,
1390 844 1503 879 recte
1529 832 1669 879 facto-

297 922 395 950 rum
420 905 697 967 reprimimus
720 905 1004 950 voluntatem.

362 976 528 1022 XVIII.
571 975 642 1021 Sic
677 975 805 1021 etiam
847 993 948 1021 cum
986 974 1293 1020 intercedimus
1329 992 1409 1037 pro
1445 984 1673 1038 peccatore

296 1044 572 1101 damnando,
600 1056 843 1109 sequuntur
876 1045 1117 1108 aliquando
1145 1062 1244 1108 quae
1270 1045 1493 1098 nolumus,
1517 1044 1603 1090 sive
1627 1044 1672 1090 in

296 1115 422 1193 ipso,
453 1115 529 1178 qui
549 1115 1014 1160 nostraintercessione
1033 1115 1264 1172 liberatur,
1290 1126 1336 1161 ut
1357 1114 1673 1161 xelimmanius

296 1185 513 1248 impunita
538 1196 752 1245 grassetur
777 1185 984 1241 audacia,
1016 1185 1192 1230 subdita
1222 1153 1480 1248 cupiditati,
1504 1185 1673 1243 ingrata

298 1256 496 1304 lenitati
527 1266 654 1319 atque
681 1273 792 1301 unus
819 1266 948 1301 1110111
978 1266 1150 1318 ereptus
1184 1256 1398 1318 plurimos
1422 1265 1576 1300 necet:
1608 1255 1673 1300 vel

296 1326 390 1388 ipso
406 1344 483 1389 per
506 1326 769 1371 beneficium
788 1337 985 1371 nostrum
1009 1326 1051 1371 in
1073 1326 1224 1371 melius
1250 1336 1520 1372 commutato
1535 1362 1545 1380 ,
1576 1342 1673 1371 mo-

298 1395 506 1459 ribusque
542 1407 764 1451 correcto,
808 1395 915 1440 alius
942 1396 1052 1441 male
1084 1395 1270 1441 vivendo
1303 1406 1474 1459 pereat,
1503 1394 1672 1458 sibique

295 1467 426 1526 hujus
446 1466 706 1529 impunitate
722 1466 969 1529 proposita,
989 1466 1089 1512 talia
1107 1466 1173 1511 vel
1193 1467 1392 1525 graviora
1409 1466 1671 1511 committat.

297 1538 416 1593 Non,
453 1547 500 1581 111
530 1536 705 1599 opinor,
732 1536 829 1581 haec
855 1536 966 1581 mala
993 1536 1254 1599 imputanda
1274 1546 1375 1581 sunt
1398 1535 1549 1591 nobis,
1571 1551 1671 1580 cum

293 1607 601 1653 intercedimus
633 1607 784 1652 vobis:
812 1607 884 1652 sed
919 1608 1066 1670 potius
1096 1607 1168 1652 illa
1203 1607 1318 1652 bona
1342 1643 1351 1661 ,
1378 1623 1480 1669 quae
1501 1622 1602 1650 cum
1624 1605 1672 1651 id

292 1677 499 1731 facimus,
535 1678 760 1722 intuemur
796 1687 838 1723 et
874 1678 1107 1734 volumus,
1146 1677 1191 1723 id
1232 1688 1318 1732 est,
1347 1676 1670 1723 commendatio

293 1747 659 1804 mansuetudinis,
695 1746 751 1792 ad
782 1715 1107 1794 conciliandaui
1141 1747 1418 1793 dilectionem
1440 1746 1574 1791 Veibo
1598 1763 1669 1792 ve·

294 1818 455 1863 ritatis·
447 1854 456 1871 ‚
497 1828 538 1863 et
573 1829 621 1863 ut
658 1818 734 1880 qui
777 1817 1019 1864 liberantur
1064 1837 1083 1863 a
1124 1817 1351 1881 temporali
1385 1827 1560 1864 morte.
1610 1816 1671 1862 sic

291 1888 476 1942 11111111,
509 1904 562 1932 ne
587 1887 632 1932 in
653 1897 891 1942 aeternam,
917 1889 1033 1934 unde
1058 1905 1283 1952 nunquam
1306 1888 1572 1944 liberentur,
1596 1887 1669 1932 in-

295 1968 486 2003 currant.

358 2028 479 2073 XIX.
505 2026 685 2072 Prodest
702 2044 801 2088 ergo
826 2039 866 2074 et
889 2029 1087 2073 severitas
1102 2039 1240 2074 vestra
1257 2066 1267 2084 ,
1289 2032 1413 2088 cujus
1431 2029 1669 2074 ministerio

292 2097 412 2161 quies
443 2097 675 2157 adjuvatur
695 2108 736 2142 et
756 2109 900 2144 nostra
926 2115 936 2143 :
962 2097 1139 2161 prodest
1157 2109 1197 2143 et
1218 2098 1469 2143 intercessio
1494 2109 1635 2144 nostra
1655 2135 1665 2153 ‚

295 2171 418 2227 cujUs
437 2168 673 2213 ministerio
699 2169 897 2214 severitas
912 2179 1178 2231 temperatur
1197 2179 1238 2214 et
1257 2179 1409 2214 vestra.
1432 2170 1526 2214 ‘Non
1546 2169 1670 2214 vobis

293 2239 522 2302 displiceat
543 2238 662 2302 quod
685 2240 897 2299 rogamini
920 2257 942 2283 a
970 2240 1117 2296 bonis3
1136 2240 1238 2302 quia
1264 2256 1342 2284 nec
1361 2240 1487 2285 bonis
1511 2238 1668 2302 displi-

294 2320 360 2355 cet
383 2309 501 2372 quod
526 2309 736 2354 timemini
761 2327 781 2354 a
814 2309 953 2355 malis.
993 2310 1103 2355 Nam
1131 2310 1360 2355 hominum
1395 2309 1668 2372 iniquitatem

292 2381 418 2426 etiam
448 2380 666 2442 apostolus
699 2380 858 2425 Paulus
892 2397 979 2425 non
1013 2390 1181 2425 tantum
1209 2381 1261 2425 de
1289 2380 1458 2439 judicio
1492 2379 1669 2435 futuro,

291 2451 574 2496 verumetiam
614 2450 667 2496 de
703 2452 994 2514 praesentibus
1032 2452 1178 2496 vestris
1214 2451 1438 2496 securibus
1478 2451 1664 2505 terruit,

292 2539 477 2566 asserens
504 2532 544 2566 et
568 2521 683 2584 ipsas
710 2521 765 2567 ad
791 2522 1154 2585 dispensationem
1180 2520 1342 2567 divinae
1379 2520 1668 2584 providentiae

291 2593 516 2655 pertinere.
538 2613 556 2633 <‹
579 2592 752 2647 Omnis,
780 2592 938 2657 inquit,
961 2592 1103 2638 anima
1123 2591 1414 2655 potestatibus
1439 2590 1664 2638 sublimio-
