1799 3251
339 299 434 362 476
760 314 795 342 ε.
842 312 1084 343 mausum
1120 311 1328 343 muscom

340 378 627 444 pereuntibus
666 377 900 424 subvenire
934 378 1175 425 consuevit.
1202 377 1299 423 Hoc
1328 376 1556 441 displicuit
1580 376 1715 422 Luci-

335 450 426 497 fero
443 449 482 506 1,
503 449 607 513 quia
620 447 785 495 factum
803 459 867 494 est
891 448 937 494 in
955 449 1013 494 eis
1039 447 1325 512 suscipiendis
1350 458 1480 511 atque
1494 445 1712 502 sanandis,

339 521 417 584 qui
434 537 599 567 veneno
619 519 838 584 perierant
855 519 1016 566 Ariano
1034 538 1045 565 :
1063 530 1104 566 et
1124 519 1194 565 cui
1209 518 1435 582 displicuit
1454 518 1501 564 in
1519 517 1719 563 tenebras

339 590 501 637 cecidit
524 590 796 647 schismatis,
836 591 989 636 amisso
1015 590 1180 636 lumine
1213 588 1454 636 charitatis,
1491 588 1587 633 Hoc
1620 604 1720 647 erga

337 660 443 707 istos
465 661 521 707 ab
544 661 670 707 initio
695 660 880 707 servavit
919 660 1123 707 Africana
1157 658 1378 705 catholica
1413 676 1461 704 ex
1485 658 1720 721 episcopo-

337 747 437 776 rum
454 731 684 787 sententia,
710 730 786 794 qui
805 730 849 775 in
873 730 1068 776 Ecclesia
1087 731 1288 775 Romana
1302 729 1416 774 inter
1432 727 1719 774 Caecilianum

338 811 380 846 et
409 812 580 864 partem
609 801 769 846 Donati
789 800 1102 860 judicaverunt
1124 837 1135 855 ,
1166 799 1460 862 damnatoque
1483 814 1571 843 uno
1604 813 1720 860 quo-

333 869 436 916 dam
460 871 658 916 Donato2
679 908 690 927 ‚
717 870 794 934 qui
815 881 967 916 auctor
991 869 1237 915 schismatis
1264 868 1395 914 fuisse
1424 866 1723 913 manifestatus

338 951 431 995 est,
464 950 643 986 caeteros
676 951 895 986 correctos
924 939 1091 985 etiamsi
1120 950 1235 984 extra
1263 938 1500 985 Ecclesiam
1534 936 1724 982 ordinati

337 1021 475 1056 essent
499 1010 545 1056 in
577 1011 664 1056 suis
695 1011 942 1057 honoribus
975 1009 1273 1074 suscipiendos
1305 1026 1391 1055 esse
1421 1017 1682 1054 censuerunt
1709 1024 1720 1051 :

340 1098 429 1126 non
447 1080 570 1145 quod
593 1081 724 1126 etiam
746 1080 852 1127 foris
872 1082 928 1127 ab
954 1082 1117 1126 unitate
1140 1080 1338 1143 corporis
1360 1078 1526 1124 Christi
1546 1087 1724 1141 possent

347 1151 510 1196 hahere
538 1151 754 1213 Spiritum
778 1162 976 1197 sanctum
992 1172 1003 1205 ς
1020 1151 1091 1196 sed
1112 1151 1296 1196 maxime
1314 1160 1495 1214 propter
1513 1166 1600 1200 eos,
1617 1164 1728 1211 quos

341 1221 447 1268 foris
474 1222 607 1285 positi
627 1233 802 1285 possent
821 1222 1022 1286 decipere
1040 1259 1050 1278 ‚
1081 1234 1122 1268 et
1142 1239 1165 1267 a
1186 1221 1459 1284 susceptione
1484 1219 1600 1265 illius
1625 1235 1728 1263 mu-

349 1294 460 1338 neris
495 1291 709 1356 impedire
734 1310 744 1337 :
782 1292 939 1338 deinde
969 1303 1018 1339 ut
1035 1293 1163 1339 etiam
1190 1292 1387 1356 ipsorum
1412 1290 1644 1336 infirmitas
1666 1289 1731 1334 le-

349 1363 448 1409 nius
475 1373 651 1426 excepta
676 1363 792 1409 intus
826 1363 1032 1409 sanabilis
1061 1364 1181 1409 fieret
1198 1399 1209 1418 ,
1228 1366 1321 1422 jam
1344 1361 1465 1407 nulla
1488 1358 1730 1424 pertinacia

353 1433 582 1479 claudente
622 1433 772 1479 oculos
805 1434 950 1479 cordis
986 1434 1190 1480 adversus
1227 1432 1488 1479 evidentiam
1520 1429 1725 1477 veritatis.

350 1503 471 1560 Quid
492 1515 635 1550 autem
660 1504 779 1550 aliud
806 1505 936 1550 etiam
955 1505 1038 1568 ipsi
1059 1505 1378 1565 cogitaverunt,
1400 1501 1578 1566 quando
1597 1499 1732 1546 Maxi-

349 1574 572 1620 mianistas
588 1612 599 1630 ‚
626 1591 736 1637 quos
755 1575 798 1620 in
827 1575 1053 1636 sacrilego,
1075 1576 1189 1621 sicut
1213 1591 1360 1621 eorum
1382 1573 1618 1619 concilium
1635 1571 1653 1600 ‘⁹’
1672 1571 1733 1616 in-

350 1645 470 1690 dicat
488 1682 499 1700 ,
524 1645 757 1691 schismate
775 1646 1092 1692 damnaverant
1110 1683 1119 1701 ‚
1146 1656 1188 1691 et
1205 1645 1251 1691 in
1267 1661 1453 1709 quorun]
1472 1647 1563 1703 jam
1581 1643 1729 1688 locum

356 1715 461 1761 alios
480 1714 810 1772 ordinaverant,
834 1728 1119 1781 posteaquam
1143 1716 1348 1763 viderunt
1378 1716 1434 1761 ab
1458 1714 1517 1760 eis
1541 1711 1733 1777 populos

355 1803 443 1831 non
468 1785 667 1832 recedere
686 1824 696 1840 ,
732 1804 785 1832 ne
816 1804 963 1832 omnes
997 1786 1257 1850 perderent,
1297 1785 1341 1831 in
1376 1785 1462 1831 suis
1489 1782 1736 1830 honoribus

353 1870 636 1922 receperunt3
664 1870 705 1905 et
734 1860 955 1924 baptismo
972 1897 982 1915 ‚
1010 1877 1143 1922 quem
1166 1859 1269 1905 foris
1291 1859 1347 1904 ab
1368 1859 1425 1904 eis
1450 1856 1645 1903 damnati
1664 1855 1737 1901 de-

353 1927 537 1985 derant,
564 1929 729 1975 nullam
761 1930 1155 1976 contradictionem
1179 1929 1554 1993 quaestionemque
1583 1942 1731 1971 move-

354 2010 458 2045 runt
478 2002 496 2045 3>
522 1999 667 2056 Quare
687 2018 788 2060 ergo
809 2001 1025 2046 mirantur
1039 2038 1050 2055 ‚
1076 2011 1150 2046 aut
1167 2010 1428 2062 quaeruntur
1446 2036 1456 2054 ‚
1475 2009 1550 2044 aut
1566 1996 1738 2042 calum-

355 2070 535 2115 niantur
555 2069 674 2132 quod
698 2087 768 2118 eos
791 2071 852 2116 sic
884 2070 1145 2133 suscipimus
1168 2087 1249 2132 pro
1272 2086 1372 2115 vera
1403 2085 1512 2132 pace
1540 2065 1735 2119 Christi,

355 2151 397 2186 et
427 2156 517 2185 non
554 2140 846 2187 recordantur
875 2141 985 2205 quid
1018 2141 1101 2204 ipsi
1125 2140 1307 2186 fecerint
1345 2157 1427 2203 pro
1469 2155 1604 2192 vana,
1638 2152 1738 2199 quae

360 2220 511 2256 contra
533 2209 759 2256 Christum
779 2222 842 2257 est
859 2249 869 2267 ‚
898 2229 1004 2275 pace
1026 2211 1221 2257 Donati?
1248 2209 1380 2267 Quod
1405 2225 1555 2255 eorum
1573 2207 1738 2252 factum

352 2280 388 2326 si
408 2290 561 2326 contra
581 2297 650 2327 eos
671 2292 868 2328 teneatur
885 2294 925 2327 et
949 2282 1238 2341 intelligenter
1258 2291 1488 2334 asseratur,
1513 2277 1621 2342 quid
1643 2294 1735 2323 om-

354 2352 459 2397 nino
484 2351 775 2413 respondeant
793 2371 881 2398 non
903 2353 1148 2399 habebunt.
1541 2345 1551 2353 ³

423 2420 629 2467 XLVIII.
663 2422 792 2479 Quod
817 2434 958 2469 autem
981 2423 1159 2477 dicunt,
1185 2421 1229 2467 Si
1259 2420 1538 2485 peccavimus
1559 2425 1605 2464 in
1632 2417 1737 2481 Spi-

358 2491 493 2538 ritum
517 2500 741 2549 sanctum,
763 2494 865 2556 quia
897 2492 1210 2539 exsufflavimus
1235 2491 1504 2554 baptismum
1523 2497 1736 2540 vestrum,

403 2591 413 2613 ¹
439 2589 623 2623 Calaritano
641 2591 804 2636 episcopo.
825 2594 906 2626 Vide
922 2593 974 2627 lib.
993 2593 1034 2625 de
1058 2595 1171 2635 Agone
1191 2592 1385 2630 Christiano,
1406 2603 1434 2623 c.
1453 2592 1505 2623 30.
1521 2608 1562 2615 -—
1578 2587 1593 2611 ²
1610 2585 1741 2621 casensi

358 2645 515 2689 Nigr-ensi.
535 2664 581 2671 —-
600 2643 615 2669 3
629 2647 849 2689 Bagaitanum.
