<?xml version="1.0" encoding="UTF-8"?>
<!DOCTYPE html PUBLIC "-//W3C//DTD XHTML 1.0 Transitional//EN"
    "http://www.w3.org/TR/xhtml1/DTD/xhtml1-transitional.dtd">
<html xmlns="http://www.w3.org/1999/xhtml" xml:lang="en" lang="en">
 <head>
  <title>
</title>
<meta http-equiv="Content-Type" content="text/html;charset=utf-8" />
  <meta name='ocr-system' content='tesseract 3.04.00' />
  <meta name='ocr-capabilities' content='ocr_page ocr_carea ocr_par ocr_line ocrx_word'/>
</head>
<body>
  <div class='ocr_page' id='page_1' title='image "./operaomniaaccura40auguuoft/operaomniaaccura40auguuoft_0112.png"; bbox 0 0 1799 3251; ppageno 0'>
   <div class='ocr_carea' id='block_1_1' title="bbox 342 301 1300 339">
    <p class='ocr_par' dir='ltr' id='par_1_1' title="bbox 342 301 1300 339">
     <span class='ocr_line' id='line_1_1' title="bbox 342 301 1300 339; baseline -0.001 0"><span class='ocrx_word' id='word_1_1' title='bbox 342 301 424 339; x_wconf 79' lang='lat'><strong>102‘</strong></span> <span class='ocrx_word' id='word_1_2' title='bbox 741 306 773 335; x_wconf 85' lang='lat' dir='ltr'>S.</span> <span class='ocrx_word' id='word_1_3' title='bbox 819 304 1064 336; x_wconf 68' lang='lat' dir='ltr'>Atzcusrlm</span> <span class='ocrx_word' id='word_1_4' title='bbox 1098 305 1300 338; x_wconf 72' lang='lat' dir='ltr'>EPISCOPI</span> 
     </span>
    </p>
   </div>
   <div class='ocr_carea' id='block_1_2' title="bbox 335 369 1736 2622">
    <p class='ocr_par' dir='ltr' id='par_1_2' title="bbox 335 369 1712 1056">
     <span class='ocr_line' id='line_1_2' title="bbox 337 369 1704 435; baseline 0 -17"><span class='ocrx_word' id='word_1_5' title='bbox 337 373 590 429; x_wconf 81' lang='lat' dir='ltr'>scriberem,</span> <span class='ocrx_word' id='word_1_6' title='bbox 626 381 766 435; x_wconf 83' lang='lat' dir='ltr'>posset</span> <span class='ocrx_word' id='word_1_7' title='bbox 800 370 992 417; x_wconf 82' lang='lat' dir='ltr'>charitas</span> <span class='ocrx_word' id='word_1_8' title='bbox 1028 381 1102 416; x_wconf 87' lang='lat' dir='ltr'>tua</span> <span class='ocrx_word' id='word_1_9' title='bbox 1138 369 1309 426; x_wconf 78' lang='lat' dir='ltr'>omnia,</span> <span class='ocrx_word' id='word_1_10' title='bbox 1343 385 1442 433; x_wconf 87' lang='lat' dir='ltr'>quae</span> <span class='ocrx_word' id='word_1_11' title='bbox 1474 370 1594 434; x_wconf 87' lang='lat' dir='ltr'>apud</span> <span class='ocrx_word' id='word_1_12' title='bbox 1627 380 1704 418; x_wconf 79' lang='lat' dir='ltr'>nos</span> 
     </span>
     <span class='ocr_line' id='line_1_3' title="bbox 340 441 1704 504; baseline -0.001 -15"><span class='ocrx_word' id='word_1_13' title='bbox 340 455 545 503; x_wconf 81' lang='lat' dir='ltr'>aguntur,</span> <span class='ocrx_word' id='word_1_14' title='bbox 573 442 806 489; x_wconf 79' lang='lat' dir='ltr'><strong>addiscere.</strong></span> <span class='ocrx_word' id='word_1_15' title='bbox 837 442 936 486; x_wconf 77' lang='lat' dir='ltr'>Scio</span> <span class='ocrx_word' id='word_1_16' title='bbox 966 443 1079 487; x_wconf 90' lang='lat' dir='ltr'>enim</span> <span class='ocrx_word' id='word_1_17' title='bbox 1112 451 1325 504; x_wconf 90' lang='lat' dir='ltr'>quantum</span> <span class='ocrx_word' id='word_1_18' title='bbox 1349 457 1426 486; x_wconf 88' lang='lat' dir='ltr'>nos</span> <span class='ocrx_word' id='word_1_19' title='bbox 1450 441 1495 486; x_wconf 89' lang='lat' dir='ltr'>in</span> <span class='ocrx_word' id='word_1_20' title='bbox 1528 442 1704 488; x_wconf 86' lang='lat' dir='ltr'>Christo</span> 
     </span>
     <span class='ocr_line' id='line_1_4' title="bbox 338 511 1707 577; baseline -0.001 -17"><span class='ocrx_word' id='word_1_21' title='bbox 338 515 490 574; x_wconf 81' lang='lat' dir='ltr'>diligas</span> <span class='ocrx_word' id='word_1_22' title='bbox 505 552 515 570; x_wconf 84' lang='lat'>‚</span> <span class='ocrx_word' id='word_1_23' title='bbox 537 514 638 577; x_wconf 85' lang='lat' dir='ltr'>quia</span> <span class='ocrx_word' id='word_1_24' title='bbox 656 524 696 558; x_wconf 88' lang='lat' dir='ltr'>et</span> <span class='ocrx_word' id='word_1_25' title='bbox 713 524 757 557; x_wconf 93' lang='lat' dir='ltr'>tu</span> <span class='ocrx_word' id='word_1_26' title='bbox 778 512 857 556; x_wconf 84' lang='lat' dir='ltr'>scis</span> <span class='ocrx_word' id='word_1_27' title='bbox 878 523 1092 574; x_wconf 83' lang='lat' dir='ltr'>quantum</span> <span class='ocrx_word' id='word_1_28' title='bbox 1109 512 1153 557; x_wconf 90' lang='lat' dir='ltr'>in</span> <span class='ocrx_word' id='word_1_29' title='bbox 1170 511 1244 557; x_wconf 91' lang='lat' dir='ltr'>illo</span> <span class='ocrx_word' id='word_1_30' title='bbox 1268 511 1452 557; x_wconf 81' lang='lat' dir='ltr'>vicissim</span> <span class='ocrx_word' id='word_1_31' title='bbox 1474 511 1665 573; x_wconf 84' lang='lat' dir='ltr'>diligaris</span> <span class='ocrx_word' id='word_1_32' title='bbox 1684 531 1707 558; x_wconf 89' lang='lat' dir='ltr'>a</span> 
     </span>
     <span class='ocr_line' id='line_1_5' title="bbox 336 582 1708 644; baseline -0.001 -14"><span class='ocrx_word' id='word_1_33' title='bbox 336 587 463 630; x_wconf 85' lang='lat' dir='ltr'>nobis</span> <span class='ocrx_word' id='word_1_34' title='bbox 485 603 495 630; x_wconf 73' lang='grc' dir='ltr'>ε</span> <span class='ocrx_word' id='word_1_35' title='bbox 520 595 562 630; x_wconf 88' lang='lat' dir='ltr'>et</span> <span class='ocrx_word' id='word_1_36' title='bbox 581 583 675 629; x_wconf 90' lang='lat' dir='ltr'>ideo</span> <span class='ocrx_word' id='word_1_37' title='bbox 695 601 781 628; x_wconf 86' lang='lat' dir='ltr'>nou</span> <span class='ocrx_word' id='word_1_38' title='bbox 804 582 1004 628; x_wconf 85' lang='lat' dir='ltr'>dubitavi</span> <span class='ocrx_word' id='word_1_39' title='bbox 1028 593 1069 627; x_wconf 91' lang='lat' dir='ltr'>te</span> <span class='ocrx_word' id='word_1_40' title='bbox 1089 582 1333 627; x_wconf 79' lang='lat' dir='ltr'>contristari</span> <span class='ocrx_word' id='word_1_41' title='bbox 1356 582 1542 644; x_wconf 83' lang='lat' dir='ltr'>potuisse</span> <span class='ocrx_word' id='word_1_42' title='bbox 1557 619 1567 638; x_wconf 87' lang='lat'>,</span> <span class='ocrx_word' id='word_1_43' title='bbox 1588 583 1619 628; x_wconf 88' lang='lat' dir='ltr'>si</span> <span class='ocrx_word' id='word_1_44' title='bbox 1637 600 1708 629; x_wconf 89' lang='lat' dir='ltr'>cos</span> 
     </span>
     <span class='ocr_line' id='line_1_6' title="bbox 335 652 1708 716; baseline -0.001 -15"><span class='ocrx_word' id='word_1_45' title='bbox 335 656 510 701; x_wconf 77' lang='lat' dir='ltr'>vidisses</span> <span class='ocrx_word' id='word_1_46' title='bbox 524 656 612 700; x_wconf 89' lang='lat' dir='ltr'>sine</span> <span class='ocrx_word' id='word_1_47' title='bbox 628 655 778 700; x_wconf 88' lang='lat' dir='ltr'>litteris</span> <span class='ocrx_word' id='word_1_48' title='bbox 800 655 902 699; x_wconf 82' lang='lat' dir='ltr'>meis</span> <span class='ocrx_word' id='word_1_49' title='bbox 921 690 930 708; x_wconf 84' lang='lat'>‚</span> <span class='ocrx_word' id='word_1_50' title='bbox 949 670 1056 716; x_wconf 87' lang='lat' dir='ltr'>quos</span> <span class='ocrx_word' id='word_1_51' title='bbox 1078 671 1098 698; x_wconf 91' lang='lat' dir='ltr'>a</span> <span class='ocrx_word' id='word_1_52' title='bbox 1124 653 1251 698; x_wconf 88' lang='lat' dir='ltr'>nobis</span> <span class='ocrx_word' id='word_1_53' title='bbox 1274 652 1485 716; x_wconf 87' lang='lat' dir='ltr'>perfectos</span> <span class='ocrx_word' id='word_1_54' title='bbox 1501 690 1511 708; x_wconf 73' lang='lat'>‚</span> <span class='ocrx_word' id='word_1_55' title='bbox 1530 664 1572 699; x_wconf 89' lang='lat' dir='ltr'>et</span> <span class='ocrx_word' id='word_1_56' title='bbox 1588 664 1708 699; x_wconf 86' lang='lat' dir='ltr'>tanta</span> 
     </span>
     <span class='ocr_line' id='line_1_7' title="bbox 337 722 1711 786; baseline -0.002 -14"><span class='ocrx_word' id='word_1_57' title='bbox 337 726 462 772; x_wconf 86' lang='lat' dir='ltr'>nobis</span> <span class='ocrx_word' id='word_1_58' title='bbox 481 725 769 771; x_wconf 73' lang='lat' dir='ltr'>familiaritate</span> <span class='ocrx_word' id='word_1_59' title='bbox 792 728 1049 783; x_wconf 85' lang='lat' dir='ltr'>coujunctos</span> <span class='ocrx_word' id='word_1_60' title='bbox 1067 723 1263 782; x_wconf 81' lang='lat' dir='ltr'>ignorare</span> <span class='ocrx_word' id='word_1_61' title='bbox 1280 741 1366 768; x_wconf 87' lang='lat' dir='ltr'>non</span> <span class='ocrx_word' id='word_1_62' title='bbox 1381 741 1522 786; x_wconf 84' lang='lat' dir='ltr'>posses</span> <span class='ocrx_word' id='word_1_63' title='bbox 1547 742 1556 769; x_wconf 93' lang='lat'>:</span> <span class='ocrx_word' id='word_1_64' title='bbox 1581 722 1711 769; x_wconf 88' lang='lat' dir='ltr'>simul</span> 
     </span>
     <span class='ocr_line' id='line_1_8' title="bbox 339 794 1710 860; baseline -0.003 -16"><span class='ocrx_word' id='word_1_65' title='bbox 339 798 469 844; x_wconf 85' lang='lat' dir='ltr'>etiam</span> <span class='ocrx_word' id='word_1_66' title='bbox 492 798 594 860; x_wconf 87' lang='lat' dir='ltr'>quia</span> <span class='ocrx_word' id='word_1_67' title='bbox 613 797 921 860; x_wconf 76' lang='lat' dir='ltr'>rescriptorum</span> <span class='ocrx_word' id='word_1_68' title='bbox 941 795 1112 840; x_wconf 87' lang='lat' dir='ltr'>debitor</span> <span class='ocrx_word' id='word_1_69' title='bbox 1130 794 1206 841; x_wconf 85' lang='lat' dir='ltr'>fui.</span> <span class='ocrx_word' id='word_1_70' title='bbox 1241 795 1347 840; x_wconf 78' lang='lat' dir='ltr'>Nam</span> <span class='ocrx_word' id='word_1_71' title='bbox 1373 811 1419 839; x_wconf 84' lang='lat' dir='ltr'>ex</span> <span class='ocrx_word' id='word_1_72' title='bbox 1443 812 1530 858; x_wconf 91' lang='lat' dir='ltr'>quo</span> <span class='ocrx_word' id='word_1_73' title='bbox 1547 795 1710 858; x_wconf 88' lang='lat' dir='ltr'>sumpsi</span> 
     </span>
     <span class='ocr_line' id='line_1_9' title="bbox 339 864 1710 933; baseline -0.004 -19"><span class='ocrx_word' id='word_1_74' title='bbox 339 869 577 933; x_wconf 81' lang='lat' dir='ltr'>Epistolam</span> <span class='ocrx_word' id='word_1_75' title='bbox 602 878 746 923; x_wconf 80' lang='lat' dir='ltr'>tuam,</span> <span class='ocrx_word' id='word_1_76' title='bbox 775 866 853 912; x_wconf 79' lang='lat' dir='ltr'>nisi</span> <span class='ocrx_word' id='word_1_77' title='bbox 878 882 996 910; x_wconf 91' lang='lat' dir='ltr'>nunc</span> <span class='ocrx_word' id='word_1_78' title='bbox 1019 865 1213 928; x_wconf 88' lang='lat' dir='ltr'>primum</span> <span class='ocrx_word' id='word_1_79' title='bbox 1239 864 1501 928; x_wconf 82' lang='lat' dir='ltr'>rescripsisse</span> <span class='ocrx_word' id='word_1_80' title='bbox 1527 882 1594 910; x_wconf 90' lang='lat' dir='ltr'>me</span> <span class='ocrx_word' id='word_1_81' title='bbox 1614 881 1710 910; x_wconf 87' lang='lat' dir='ltr'>nes-</span> 
     </span>
     <span class='ocr_line' id='line_1_10' title="bbox 338 933 1712 990; baseline -0.004 -6"><span class='ocrx_word' id='word_1_82' title='bbox 338 939 421 984; x_wconf 90' lang='lat' dir='ltr'>cio.</span> <span class='ocrx_word' id='word_1_83' title='bbox 444 938 594 983; x_wconf 84' lang='lat' dir='ltr'>Tantis</span> <span class='ocrx_word' id='word_1_84' title='bbox 611 938 721 983; x_wconf 87' lang='lat' dir='ltr'>enim</span> <span class='ocrx_word' id='word_1_85' title='bbox 737 936 852 982; x_wconf 85' lang='lat' dir='ltr'>curis</span> <span class='ocrx_word' id='word_1_86' title='bbox 867 935 1066 980; x_wconf 80' lang='lat' dir='ltr'>obstricti</span> <span class='ocrx_word' id='word_1_87' title='bbox 1078 945 1118 980; x_wconf 88' lang='lat' dir='ltr'>et</span> <span class='ocrx_word' id='word_1_88' title='bbox 1139 934 1315 980; x_wconf 80' lang='lat' dir='ltr'>distenti</span> <span class='ocrx_word' id='word_1_89' title='bbox 1332 950 1478 980; x_wconf 87' lang='lat' dir='ltr'>sumus</span> <span class='ocrx_word' id='word_1_90' title='bbox 1494 971 1504 990; x_wconf 83' lang='grc'>,</span> <span class='ocrx_word' id='word_1_91' title='bbox 1525 944 1571 979; x_wconf 94' lang='lat' dir='ltr'>ut</span> <span class='ocrx_word' id='word_1_92' title='bbox 1583 933 1712 979; x_wconf 85' lang='lat' dir='ltr'>etiam</span> 
     </span>
     <span class='ocr_line' id='line_1_11' title="bbox 342 1000 834 1056; baseline -0.002 -2"><span class='ocrx_word' id='word_1_93' title='bbox 342 1000 429 1054; x_wconf 75' lang='lat' dir='ltr'>lioc</span> <span class='ocrx_word' id='word_1_94' title='bbox 452 1008 651 1054; x_wconf 77' lang='lat' dir='ltr'>nesciam.</span> <span class='ocrx_word' id='word_1_95' title='bbox 829 1053 834 1056; x_wconf 87' lang='grc'><strong>,</strong></span> 
     </span>
    </p>

    <p class='ocr_par' dir='ltr' id='par_1_3' title="bbox 341 1074 1736 2622">
     <span class='ocr_line' id='line_1_12' title="bbox 405 1074 1716 1140; baseline -0.003 -17"><span class='ocrx_word' id='word_1_96' title='bbox 405 1079 463 1125; x_wconf 92' lang='grc' dir='ltr'>ΙΙ.</span> <span class='ocrx_word' id='word_1_97' title='bbox 494 1078 627 1123; x_wconf 83' lang='lat' dir='ltr'>Vobis</span> <span class='ocrx_word' id='word_1_98' title='bbox 656 1088 798 1123; x_wconf 88' lang='lat' dir='ltr'>autem</span> <span class='ocrx_word' id='word_1_99' title='bbox 838 1075 1208 1140; x_wconf 78' lang='lat' dir='ltr'>quemadmodum</span> <span class='ocrx_word' id='word_1_100' title='bbox 1239 1076 1316 1130; x_wconf 78' lang='lat' dir='ltr'>sit,</span> <span class='ocrx_word' id='word_1_101' title='bbox 1351 1085 1392 1120; x_wconf 88' lang='lat' dir='ltr'>et</span> <span class='ocrx_word' id='word_1_102' title='bbox 1420 1085 1566 1120; x_wconf 89' lang='lat' dir='ltr'>utrum</span> <span class='ocrx_word' id='word_1_103' title='bbox 1591 1074 1716 1120; x_wconf 80' lang='lat' dir='ltr'>vobis</span> 
     </span>
     <span class='ocr_line' id='line_1_13' title="bbox 342 1145 1718 1213; baseline -0.004 -19"><span class='ocrx_word' id='word_1_104' title='bbox 342 1149 531 1213; x_wconf 82' lang='lat' dir='ltr'>aliquam</span> <span class='ocrx_word' id='word_1_105' title='bbox 553 1149 743 1212; x_wconf 86' lang='lat' dir='ltr'>requiem</span> <span class='ocrx_word' id='word_1_106' title='bbox 762 1185 772 1202; x_wconf 85' lang='lat'>,</span> <span class='ocrx_word' id='word_1_107' title='bbox 796 1158 1009 1210; x_wconf 84' lang='lat' dir='ltr'>quantum</span> <span class='ocrx_word' id='word_1_108' title='bbox 1034 1146 1078 1192; x_wconf 86' lang='lat' dir='ltr'>in</span> <span class='ocrx_word' id='word_1_109' title='bbox 1113 1146 1197 1191; x_wconf 83' lang='lat' dir='ltr'>hac</span> <span class='ocrx_word' id='word_1_110' title='bbox 1221 1156 1331 1190; x_wconf 87' lang='lat' dir='ltr'>terra</span> <span class='ocrx_word' id='word_1_111' title='bbox 1356 1156 1523 1208; x_wconf 78' lang='lat' dir='ltr'>potest,</span> <span class='ocrx_word' id='word_1_112' title='bbox 1560 1145 1718 1189; x_wconf 82' lang='lat' dir='ltr'>Domi-</span> 
     </span>
     <span class='ocr_line' id='line_1_14' title="bbox 341 1215 1719 1282; baseline -0.004 -17"><span class='ocrx_word' id='word_1_113' title='bbox 341 1236 421 1265; x_wconf 91' lang='lat' dir='ltr'>nus</span> <span class='ocrx_word' id='word_1_114' title='bbox 438 1219 712 1282; x_wconf 78' lang='lat' dir='ltr'>praestiterit‚</span> <span class='ocrx_word' id='word_1_115' title='bbox 736 1218 861 1263; x_wconf 72' lang='lat' dir='ltr'>valde</span> <span class='ocrx_word' id='word_1_116' title='bbox 885 1234 1005 1263; x_wconf 89' lang='lat' dir='ltr'>nosse</span> <span class='ocrx_word' id='word_1_117' title='bbox 1033 1217 1236 1280; x_wconf 87' lang='lat' dir='ltr'>cupimus</span> <span class='ocrx_word' id='word_1_118' title='bbox 1258 1234 1268 1260; x_wconf 73' lang='grc' dir='ltr'>ε</span> <span class='ocrx_word' id='word_1_119' title='bbox 1295 1217 1500 1279; x_wconf 87' lang='lat' dir='ltr'>quoniam</span> <span class='ocrx_word' id='word_1_120' title='bbox 1527 1217 1559 1261; x_wconf 87' lang='lat' dir='ltr'>si</span> <span class='ocrx_word' id='word_1_121' title='bbox 1585 1215 1719 1276; x_wconf 82' lang='lat' dir='ltr'>glori-</span> 
     </span>
     <span class='ocr_line' id='line_1_15' title="bbox 344 1286 1716 1347; baseline -0.004 -11"><span class='ocrx_word' id='word_1_122' title='bbox 344 1291 501 1336; x_wconf 85' lang='lat' dir='ltr'>ficatur</span> <span class='ocrx_word' id='word_1_123' title='bbox 525 1306 659 1336; x_wconf 87' lang='lat' dir='ltr'>unum</span> <span class='ocrx_word' id='word_1_124' title='bbox 688 1290 933 1335; x_wconf 81' lang='lat' dir='ltr'>membrum</span> <span class='ocrx_word' id='word_1_125' title='bbox 955 1326 965 1344; x_wconf 78' lang='lat'>,</span> <span class='ocrx_word' id='word_1_126' title='bbox 995 1287 1271 1347; x_wconf 78' lang='lat' dir='ltr'>congaudent</span> <span class='ocrx_word' id='word_1_127' title='bbox 1295 1287 1439 1332; x_wconf 83' lang='lat' dir='ltr'>onmia</span> <span class='ocrx_word' id='word_1_128' title='bbox 1466 1286 1684 1331; x_wconf 65' lang='lat' dir='ltr'>membra&#39;</span> <span class='ocrx_word' id='word_1_129' title='bbox 1705 1307 1716 1340; x_wconf 90' lang='lat'>;</span> 
     </span>
     <span class='ocr_line' id='line_1_16' title="bbox 346 1356 1721 1424; baseline -0.004 -17"><span class='ocrx_word' id='word_1_130' title='bbox 346 1372 474 1424; x_wconf 88' lang='lat' dir='ltr'>atque</span> <span class='ocrx_word' id='word_1_131' title='bbox 510 1362 568 1406; x_wconf 88' lang='lat' dir='ltr'>ita</span> <span class='ocrx_word' id='word_1_132' title='bbox 602 1360 858 1424; x_wconf 84' lang='lat' dir='ltr'>plerumque</span> <span class='ocrx_word' id='word_1_133' title='bbox 890 1359 1128 1418; x_wconf 79' lang='lat' dir='ltr'>contingit,</span> <span class='ocrx_word' id='word_1_134' title='bbox 1162 1369 1210 1403; x_wconf 88' lang='lat' dir='ltr'>ut</span> <span class='ocrx_word' id='word_1_135' title='bbox 1241 1357 1346 1403; x_wconf 88' lang='lat' dir='ltr'>dum</span> <span class='ocrx_word' id='word_1_136' title='bbox 1375 1357 1540 1420; x_wconf 85' lang='lat' dir='ltr'>aliquos</span> <span class='ocrx_word' id='word_1_137' title='bbox 1572 1356 1721 1402; x_wconf 81' lang='lat' dir='ltr'>fratres</span> 
     </span>
     <span class='ocr_line' id='line_1_17' title="bbox 345 1426 1722 1493; baseline -0.004 -16"><span class='ocrx_word' id='word_1_138' title='bbox 345 1443 510 1477; x_wconf 82' lang='lat' dir='ltr'>nostros</span> <span class='ocrx_word' id='word_1_139' title='bbox 535 1431 578 1476; x_wconf 93' lang='lat' dir='ltr'>in</span> <span class='ocrx_word' id='word_1_140' title='bbox 606 1430 1010 1493; x_wconf 83' lang='lat' dir='ltr'>quantulacumque</span> <span class='ocrx_word' id='word_1_141' title='bbox 1027 1428 1174 1492; x_wconf 86' lang='lat' dir='ltr'>requie</span> <span class='ocrx_word' id='word_1_142' title='bbox 1198 1428 1479 1480; x_wconf 61' lang='lat' dir='ltr'>constitum,</span> <span class='ocrx_word' id='word_1_143' title='bbox 1501 1428 1546 1473; x_wconf 90' lang='lat' dir='ltr'>in</span> <span class='ocrx_word' id='word_1_144' title='bbox 1570 1426 1722 1472; x_wconf 87' lang='lat' dir='ltr'>mediis</span> 
     </span>
     <span class='ocr_line' id='line_1_18' title="bbox 347 1500 1722 1561; baseline -0.004 -14"><span class='ocrx_word' id='word_1_145' title='bbox 347 1503 500 1548; x_wconf 87' lang='lat' dir='ltr'>nostris</span> <span class='ocrx_word' id='word_1_146' title='bbox 525 1500 808 1547; x_wconf 76' lang='lat' dir='ltr'>anxietatibus</span> <span class='ocrx_word' id='word_1_147' title='bbox 843 1501 1104 1559; x_wconf 72' lang='lat' dir='ltr'>cogitamus,</span> <span class='ocrx_word' id='word_1_148' title='bbox 1133 1516 1219 1543; x_wconf 87' lang='lat' dir='ltr'>non</span> <span class='ocrx_word' id='word_1_149' title='bbox 1260 1515 1394 1561; x_wconf 76' lang='lat' dir='ltr'>parva</span> <span class='ocrx_word' id='word_1_150' title='bbox 1426 1514 1473 1542; x_wconf 80' lang='lat' dir='ltr'>ex</span> <span class='ocrx_word' id='word_1_151' title='bbox 1507 1507 1628 1560; x_wconf 83' lang='lat' dir='ltr'>parte</span> <span class='ocrx_word' id='word_1_152' title='bbox 1652 1514 1722 1542; x_wconf 91' lang='lat' dir='ltr'>re-</span> 
     </span>
     <span class='ocr_line' id='line_1_19' title="bbox 346 1566 1723 1634; baseline -0.004 -17"><span class='ocrx_word' id='word_1_153' title='bbox 346 1589 557 1626; x_wconf 82' lang='lat' dir='ltr'>creemur,</span> <span class='ocrx_word' id='word_1_154' title='bbox 582 1582 788 1634; x_wconf 85' lang='lat' dir='ltr'>tanquam</span> <span class='ocrx_word' id='word_1_155' title='bbox 813 1581 853 1614; x_wconf 91' lang='lat' dir='ltr'>et</span> <span class='ocrx_word' id='word_1_156' title='bbox 874 1587 949 1614; x_wconf 89' lang='lat' dir='ltr'>nos</span> <span class='ocrx_word' id='word_1_157' title='bbox 968 1570 1011 1614; x_wconf 91' lang='lat' dir='ltr'>in</span> <span class='ocrx_word' id='word_1_158' title='bbox 1030 1569 1133 1631; x_wconf 83' lang='lat' dir='ltr'>ipsis</span> <span class='ocrx_word' id='word_1_159' title='bbox 1151 1568 1341 1630; x_wconf 89' lang='lat' dir='ltr'>quietius</span> <span class='ocrx_word' id='word_1_160' title='bbox 1357 1566 1723 1629; x_wconf 88' lang='lat' dir='ltr'>tranquilliusque</span> 
     </span>
     <span class='ocr_line' id='line_1_20' title="bbox 346 1637 1726 1698; baseline -0.003 -13"><span class='ocrx_word' id='word_1_161' title='bbox 346 1643 555 1687; x_wconf 60' lang='lat' dir='ltr'>vivamus.</span> <span class='ocrx_word' id='word_1_162' title='bbox 596 1641 804 1698; x_wconf 73' lang='lat' dir='ltr'>Quamvis</span> <span class='ocrx_word' id='word_1_163' title='bbox 842 1640 969 1686; x_wconf 84' lang='lat' dir='ltr'>etiam</span> <span class='ocrx_word' id='word_1_164' title='bbox 1007 1656 1105 1684; x_wconf 88' lang='lat' dir='ltr'>cum</span> <span class='ocrx_word' id='word_1_165' title='bbox 1147 1638 1356 1683; x_wconf 66' lang='lat' dir='ltr'>molestiae</span> <span class='ocrx_word' id='word_1_166' title='bbox 1384 1638 1427 1682; x_wconf 91' lang='lat' dir='ltr'>in</span> <span class='ocrx_word' id='word_1_167' title='bbox 1454 1637 1588 1697; x_wconf 83' lang='lat' dir='ltr'>hujus</span> <span class='ocrx_word' id='word_1_168' title='bbox 1625 1637 1726 1681; x_wconf 81' lang='lat' dir='ltr'>vitae</span> 
     </span>
     <span class='ocr_line' id='line_1_21' title="bbox 347 1706 1727 1771; baseline -0.004 -14"><span class='ocrx_word' id='word_1_169' title='bbox 347 1711 576 1771; x_wconf 83' lang='lat' dir='ltr'>fragilitate</span> <span class='ocrx_word' id='word_1_170' title='bbox 595 1712 874 1756; x_wconf 85' lang='lat' dir='ltr'>crebrescunt</span> <span class='ocrx_word' id='word_1_171' title='bbox 895 1747 904 1764; x_wconf 86' lang='lat'>,</span> <span class='ocrx_word' id='word_1_172' title='bbox 933 1720 1138 1754; x_wconf 68' lang='lat' dir='ltr'>aeternam</span> <span class='ocrx_word' id='word_1_173' title='bbox 1167 1708 1359 1770; x_wconf 84' lang='lat' dir='ltr'>requiem</span> <span class='ocrx_word' id='word_1_174' title='bbox 1382 1724 1460 1752; x_wconf 90' lang='lat' dir='ltr'>nos</span> <span class='ocrx_word' id='word_1_175' title='bbox 1485 1706 1727 1752; x_wconf 84' lang='lat' dir='ltr'>desiderare</span> 
     </span>
     <span class='ocr_line' id='line_1_22' title="bbox 352 1775 1730 1845; baseline -0.004 -18"><span class='ocrx_word' id='word_1_176' title='bbox 352 1781 638 1845; x_wconf 75' lang='lat' dir='ltr'>compellunt.</span> <span class='ocrx_word' id='word_1_177' title='bbox 669 1780 862 1826; x_wconf 80' lang='lat' dir='ltr'>Mundus</span> <span class='ocrx_word' id='word_1_178' title='bbox 878 1780 1045 1843; x_wconf 76' lang='lat' dir='ltr'>quippe</span> <span class='ocrx_word' id='word_1_179' title='bbox 1059 1781 1135 1823; x_wconf 82' lang='lat' dir='ltr'>iste</span> <span class='ocrx_word' id='word_1_180' title='bbox 1159 1777 1446 1840; x_wconf 86' lang='lat' dir='ltr'>periculosior</span> <span class='ocrx_word' id='word_1_181' title='bbox 1460 1787 1520 1822; x_wconf 87' lang='lat' dir='ltr'>est</span> <span class='ocrx_word' id='word_1_182' title='bbox 1539 1775 1730 1822; x_wconf 87' lang='lat' dir='ltr'>blandus</span> 
     </span>
     <span class='ocr_line' id='line_1_23' title="bbox 349 1846 1723 1916; baseline -0.004 -19"><span class='ocrx_word' id='word_1_183' title='bbox 349 1869 481 1916; x_wconf 88' lang='lat' dir='ltr'>quam</span> <span class='ocrx_word' id='word_1_184' title='bbox 509 1852 710 1897; x_wconf 79' lang='lat' dir='ltr'>molestus</span> <span class='ocrx_word' id='word_1_185' title='bbox 726 1889 735 1907; x_wconf 77' lang='grc'>,</span> <span class='ocrx_word' id='word_1_186' title='bbox 765 1862 803 1897; x_wconf 88' lang='lat' dir='ltr'>ct</span> <span class='ocrx_word' id='word_1_187' title='bbox 828 1851 962 1910; x_wconf 78' lang='lat' dir='ltr'>magis</span> <span class='ocrx_word' id='word_1_188' title='bbox 986 1848 1202 1896; x_wconf 69' lang='lat' dir='ltr'>cavendus</span> <span class='ocrx_word' id='word_1_189' title='bbox 1228 1865 1329 1893; x_wconf 92' lang='lat' dir='ltr'>cum</span> <span class='ocrx_word' id='word_1_190' title='bbox 1354 1864 1396 1893; x_wconf 89' lang='lat' dir='ltr'>se</span> <span class='ocrx_word' id='word_1_191' title='bbox 1419 1847 1546 1893; x_wconf 87' lang='lat' dir='ltr'>illicit</span> <span class='ocrx_word' id='word_1_192' title='bbox 1573 1846 1723 1907; x_wconf 84' lang='lat' dir='ltr'>diligi,</span> 
     </span>
     <span class='ocr_line' id='line_1_24' title="bbox 352 1917 1729 1986; baseline -0.003 -20"><span class='ocrx_word' id='word_1_193' title='bbox 352 1940 483 1986; x_wconf 87' lang='lat' dir='ltr'>quam</span> <span class='ocrx_word' id='word_1_194' title='bbox 504 1940 603 1968; x_wconf 88' lang='lat' dir='ltr'>cum</span> <span class='ocrx_word' id='word_1_195' title='bbox 623 1922 825 1967; x_wconf 89' lang='lat' dir='ltr'>admonet</span> <span class='ocrx_word' id='word_1_196' title='bbox 847 1921 1048 1984; x_wconf 80' lang='lat' dir='ltr'>cogitque</span> <span class='ocrx_word' id='word_1_197' title='bbox 1069 1919 1303 1965; x_wconf 88' lang='lat' dir='ltr'>contemni.</span> <span class='ocrx_word' id='word_1_198' title='bbox 1328 1919 1441 1963; x_wconf 85' lang='lat' dir='ltr'>Nam</span> <span class='ocrx_word' id='word_1_199' title='bbox 1465 1934 1567 1963; x_wconf 91' lang='lat' dir='ltr'>cum</span> <span class='ocrx_word' id='word_1_200' title='bbox 1585 1917 1729 1963; x_wconf 81' lang='lat' dir='ltr'>onmia</span> 
     </span>
     <span class='ocr_line' id='line_1_25' title="bbox 353 1987 1731 2056; baseline -0.004 -18"><span class='ocrx_word' id='word_1_201' title='bbox 353 2010 452 2056; x_wconf 63' lang='lat' dir='ltr'>quae</span> <span class='ocrx_word' id='word_1_202' title='bbox 476 1995 521 2038; x_wconf 80' lang='lat' dir='ltr'>in</span> <span class='ocrx_word' id='word_1_203' title='bbox 540 1993 614 2038; x_wconf 93' lang='lat' dir='ltr'>illo</span> <span class='ocrx_word' id='word_1_204' title='bbox 634 2003 758 2049; x_wconf 82' lang='lat' dir='ltr'>sunt,</span> <span class='ocrx_word' id='word_1_205' title='bbox 785 1992 1139 2055; x_wconf 77' lang='lat' dir='ltr'>concupiscentia</span> <span class='ocrx_word' id='word_1_206' title='bbox 1159 1990 1245 2035; x_wconf 85' lang='lat' dir='ltr'>siut</span> <span class='ocrx_word' id='word_1_207' title='bbox 1269 1988 1410 2035; x_wconf 79' lang='lat' dir='ltr'>carnis</span> <span class='ocrx_word' id='word_1_208' title='bbox 1433 1999 1475 2034; x_wconf 90' lang='lat' dir='ltr'>et</span> <span class='ocrx_word' id='word_1_209' title='bbox 1492 1987 1731 2051; x_wconf 86' lang='lat' dir='ltr'>concupis-</span> 
     </span>
     <span class='ocr_line' id='line_1_26' title="bbox 356 2058 1731 2122; baseline -0.004 -13"><span class='ocrx_word' id='word_1_210' title='bbox 356 2065 496 2109; x_wconf 86' lang='lat' dir='ltr'>centia</span> <span class='ocrx_word' id='word_1_211' title='bbox 521 2063 747 2109; x_wconf 89' lang='lat' dir='ltr'>oculorum</span> <span class='ocrx_word' id='word_1_212' title='bbox 779 2074 818 2108; x_wconf 89' lang='lat' dir='ltr'>et</span> <span class='ocrx_word' id='word_1_213' title='bbox 845 2062 1026 2107; x_wconf 87' lang='lat' dir='ltr'>ambitio</span> <span class='ocrx_word' id='word_1_214' title='bbox 1052 2059 1251 2116; x_wconf 81' lang='lat' dir='ltr'>saeculi2,</span> <span class='ocrx_word' id='word_1_215' title='bbox 1283 2076 1397 2122; x_wconf 84' lang='lat' dir='ltr'>saepe</span> <span class='ocrx_word' id='word_1_216' title='bbox 1424 2059 1555 2105; x_wconf 83' lang='lat' dir='ltr'>etiam</span> <span class='ocrx_word' id='word_1_217' title='bbox 1585 2058 1635 2104; x_wconf 86' lang='lat' dir='ltr'>iis</span> <span class='ocrx_word' id='word_1_218' title='bbox 1654 2058 1731 2121; x_wconf 89' lang='lat' dir='ltr'>qui</span> 
     </span>
     <span class='ocr_line' id='line_1_27' title="bbox 359 2129 1733 2196; baseline -0.004 -17"><span class='ocrx_word' id='word_1_219' title='bbox 359 2134 517 2179; x_wconf 81' lang='lat' dir='ltr'>talibus</span> <span class='ocrx_word' id='word_1_220' title='bbox 541 2133 751 2196; x_wconf 84' lang='lat' dir='ltr'>spiritalia</span> <span class='ocrx_word' id='word_1_221' title='bbox 769 2171 778 2188; x_wconf 85' lang='lat'>‚</span> <span class='ocrx_word' id='word_1_222' title='bbox 807 2132 1040 2178; x_wconf 79' lang='lat' dir='ltr'>invisibilia</span> <span class='ocrx_word' id='word_1_223' title='bbox 1057 2169 1067 2187; x_wconf 83' lang='grc'>,</span> <span class='ocrx_word' id='word_1_224' title='bbox 1092 2141 1252 2176; x_wconf 74' lang='lat' dir='ltr'>aeterna</span> <span class='ocrx_word' id='word_1_225' title='bbox 1270 2140 1562 2193; x_wconf 60' lang='lat' dir='ltr'>praeponunt,</span> <span class='ocrx_word' id='word_1_226' title='bbox 1582 2129 1733 2175; x_wconf 87' lang='lat' dir='ltr'>inserit</span> 
     </span>
     <span class='ocr_line' id='line_1_28' title="bbox 358 2200 1733 2266; baseline -0.004 -17"><span class='ocrx_word' id='word_1_227' title='bbox 358 2221 399 2250; x_wconf 81' lang='lat' dir='ltr'>se</span> <span class='ocrx_word' id='word_1_228' title='bbox 430 2216 609 2250; x_wconf 60' lang='lat' dir='ltr'>terrenae</span> <span class='ocrx_word' id='word_1_229' title='bbox 654 2203 874 2266; x_wconf 74' lang='lat' dir='ltr'>suavitatis</span> <span class='ocrx_word' id='word_1_230' title='bbox 911 2204 1087 2248; x_wconf 87' lang='lat' dir='ltr'>affectus</span> <span class='ocrx_word' id='word_1_231' title='bbox 1116 2239 1126 2257; x_wconf 83' lang='lat'>‚</span> <span class='ocrx_word' id='word_1_232' title='bbox 1166 2211 1206 2246; x_wconf 81' lang='lat' dir='ltr'>et</span> <span class='ocrx_word' id='word_1_233' title='bbox 1244 2200 1610 2246; x_wconf 85' lang='lat' dir='ltr'>delectationibus</span> <span class='ocrx_word' id='word_1_234' title='bbox 1647 2200 1733 2245; x_wconf 89' lang='lat' dir='ltr'>suis</span> 
     </span>
     <span class='ocr_line' id='line_1_29' title="bbox 358 2270 1732 2330; baseline -0.004 -9"><span class='ocrx_word' id='word_1_235' title='bbox 358 2286 502 2321; x_wconf 84' lang='lat' dir='ltr'>nostra</span> <span class='ocrx_word' id='word_1_236' title='bbox 524 2277 756 2320; x_wconf 84' lang='lat' dir='ltr'>comitatur</span> <span class='ocrx_word' id='word_1_237' title='bbox 780 2274 936 2320; x_wconf 80' lang='lat' dir='ltr'>officia.</span> <span class='ocrx_word' id='word_1_238' title='bbox 968 2274 1145 2330; x_wconf 85' lang='lat' dir='ltr'>Quanto</span> <span class='ocrx_word' id='word_1_239' title='bbox 1171 2272 1286 2318; x_wconf 88' lang='lat' dir='ltr'>enim</span> <span class='ocrx_word' id='word_1_240' title='bbox 1313 2282 1412 2317; x_wconf 88' lang='lat' dir='ltr'>sunt</span> <span class='ocrx_word' id='word_1_241' title='bbox 1432 2270 1636 2317; x_wconf 86' lang='lat' dir='ltr'>charitati</span> <span class='ocrx_word' id='word_1_242' title='bbox 1658 2270 1732 2316; x_wconf 91' lang='lat' dir='ltr'>fu-</span> 
     </span>
     <span class='ocr_line' id='line_1_30' title="bbox 361 2341 1727 2405; baseline -0.002 -14"><span class='ocrx_word' id='word_1_243' title='bbox 361 2358 456 2392; x_wconf 86' lang='lat' dir='ltr'>tura</span> <span class='ocrx_word' id='word_1_244' title='bbox 474 2346 648 2391; x_wconf 86' lang='lat' dir='ltr'>meliora</span> <span class='ocrx_word' id='word_1_245' title='bbox 667 2383 676 2401; x_wconf 75' lang='grc'><em>,</em></span> <span class='ocrx_word' id='word_1_246' title='bbox 696 2356 815 2390; x_wconf 89' lang='lat' dir='ltr'>tanto</span> <span class='ocrx_word' id='word_1_247' title='bbox 832 2355 931 2391; x_wconf 89' lang='lat' dir='ltr'>sunt</span> <span class='ocrx_word' id='word_1_248' title='bbox 950 2343 1194 2389; x_wconf 84' lang='lat' dir='ltr'>infirmitati</span> <span class='ocrx_word' id='word_1_249' title='bbox 1211 2343 1463 2388; x_wconf 84' lang='lat' dir='ltr'>violentiora</span> <span class='ocrx_word' id='word_1_250' title='bbox 1481 2341 1727 2405; x_wconf 73' lang='lat' dir='ltr'>praesentia.</span> 
     </span>
     <span class='ocr_line' id='line_1_31' title="bbox 361 2412 1736 2479; baseline -0.004 -16"><span class='ocrx_word' id='word_1_251' title='bbox 361 2419 418 2463; x_wconf 85' lang='lat' dir='ltr'>Et</span> <span class='ocrx_word' id='word_1_252' title='bbox 442 2417 608 2462; x_wconf 85' lang='lat' dir='ltr'>utinam</span> <span class='ocrx_word' id='word_1_253' title='bbox 627 2416 657 2461; x_wconf 86' lang='lat' dir='ltr'>ii</span> <span class='ocrx_word' id='word_1_254' title='bbox 677 2416 752 2479; x_wconf 88' lang='lat' dir='ltr'>qui</span> <span class='ocrx_word' id='word_1_255' title='bbox 773 2433 821 2461; x_wconf 87' lang='lat' dir='ltr'>ea</span> <span class='ocrx_word' id='word_1_256' title='bbox 839 2415 983 2462; x_wconf 82' lang='lat' dir='ltr'>videre</span> <span class='ocrx_word' id='word_1_257' title='bbox 1001 2426 1042 2460; x_wconf 93' lang='lat' dir='ltr'>et</span> <span class='ocrx_word' id='word_1_258' title='bbox 1062 2431 1227 2474; x_wconf 85' lang='lat' dir='ltr'>gemere</span> <span class='ocrx_word' id='word_1_259' title='bbox 1242 2423 1481 2470; x_wconf 82' lang='lat' dir='ltr'>noverunt,</span> <span class='ocrx_word' id='word_1_260' title='bbox 1507 2412 1678 2459; x_wconf 88' lang='lat' dir='ltr'>vincere</span> <span class='ocrx_word' id='word_1_261' title='bbox 1694 2421 1736 2458; x_wconf 86' lang='lat' dir='ltr'>et</span> 
     </span>
     <span class='ocr_line' id='line_1_32' title="bbox 362 2482 1735 2549; baseline -0.004 -16"><span class='ocrx_word' id='word_1_262' title='bbox 362 2487 540 2534; x_wconf 83' lang='lat' dir='ltr'>evadere</span> <span class='ocrx_word' id='word_1_263' title='bbox 564 2497 807 2532; x_wconf 84' lang='lat' dir='ltr'>mereantur</span> <span class='ocrx_word' id='word_1_264' title='bbox 826 2506 836 2540; x_wconf 76' lang='grc' dir='ltr'><strong>ς</strong></span> <span class='ocrx_word' id='word_1_265' title='bbox 858 2486 978 2549; x_wconf 90' lang='lat' dir='ltr'>quod</span> <span class='ocrx_word' id='word_1_266' title='bbox 995 2486 1084 2531; x_wconf 86' lang='lat' dir='ltr'>sine</span> <span class='ocrx_word' id='word_1_267' title='bbox 1106 2485 1184 2531; x_wconf 91' lang='lat' dir='ltr'>Dei</span> <span class='ocrx_word' id='word_1_268' title='bbox 1202 2484 1337 2546; x_wconf 82' lang='lat' dir='ltr'>gratia</span> <span class='ocrx_word' id='word_1_269' title='bbox 1356 2483 1477 2529; x_wconf 90' lang='lat' dir='ltr'>nullo</span> <span class='ocrx_word' id='word_1_270' title='bbox 1499 2482 1629 2528; x_wconf 89' lang='lat' dir='ltr'>modo</span> <span class='ocrx_word' id='word_1_271' title='bbox 1652 2499 1735 2529; x_wconf 82' lang='lat' dir='ltr'>vo-</span> 
     </span>
     <span class='ocr_line' id='line_1_33' title="bbox 361 2553 1731 2622; baseline -0.004 -18"><span class='ocrx_word' id='word_1_272' title='bbox 361 2559 504 2605; x_wconf 59' lang='lat' dir='ltr'>lunbas</span> <span class='ocrx_word' id='word_1_273' title='bbox 544 2558 697 2622; x_wconf 83' lang='lat' dir='ltr'>implet</span> <span class='ocrx_word' id='word_1_274' title='bbox 738 2558 931 2603; x_wconf 86' lang='lat' dir='ltr'>humana</span> <span class='ocrx_word' id='word_1_275' title='bbox 952 2577 962 2610; x_wconf 89' lang='lat'>;</span> <span class='ocrx_word' id='word_1_276' title='bbox 999 2573 1098 2620; x_wconf 86' lang='lat' dir='ltr'>quae</span> <span class='ocrx_word' id='word_1_277' title='bbox 1133 2573 1212 2602; x_wconf 90' lang='lat' dir='ltr'>nec</span> <span class='ocrx_word' id='word_1_278' title='bbox 1250 2555 1388 2602; x_wconf 88' lang='lat' dir='ltr'>libera</span> <span class='ocrx_word' id='word_1_279' title='bbox 1425 2553 1612 2601; x_wconf 84' lang='lat' dir='ltr'>dicenda</span> <span class='ocrx_word' id='word_1_280' title='bbox 1643 2563 1731 2609; x_wconf 90' lang='lat' dir='ltr'>est,</span> 
     </span>
    </p>
   </div>
   <div class='ocr_carea' id='block_1_3' title="bbox 410 2638 1092 2683">
    <p class='ocr_par' dir='ltr' id='par_1_4' title="bbox 410 2638 1092 2683">
     <span class='ocr_line' id='line_1_34' title="bbox 410 2638 1092 2683; baseline -0.009 -9"><span class='ocrx_word' id='word_1_281' title='bbox 410 2643 421 2668; x_wconf 81' lang='lat'><em>¹</em></span> <span class='ocrx_word' id='word_1_282' title='bbox 445 2654 457 2676; x_wconf 84' lang='lat'>1</span> <span class='ocrx_word' id='word_1_283' title='bbox 476 2644 550 2675; x_wconf 85' lang='lat' dir='ltr'>Cor.</span> <span class='ocrx_word' id='word_1_284' title='bbox 573 2642 774 2683; x_wconf 74' lang='lat' dir='ltr'>x11,26.—</span> <span class='ocrx_word' id='word_1_285' title='bbox 791 2638 806 2661; x_wconf 80' lang='lat'><strong>2</strong></span> <span class='ocrx_word' id='word_1_286' title='bbox 833 2651 843 2670; x_wconf 86' lang='lat'>1</span> <span class='ocrx_word' id='word_1_287' title='bbox 863 2642 1092 2679; x_wconf 69' lang='lat' dir='ltr'>J0a11.11,17.</span> 
     </span>
    </p>
   </div>
  </div>
 </body>
</html>
