1799 3251
326 303 415 358 4¹2
729 316 761 346 s,
809 314 1052 345 AUGes‘sml
1088 313 1288 344 misceri

324 401 345 428 a
368 392 604 428 memorato
631 381 845 444 perlatore
865 380 1008 426 audiet
1027 379 1230 425 sanctitas
1269 389 1357 426 tua.
1386 379 1701 425 Verumtamen

323 452 442 515 quod
459 452 638 497 maxime
653 450 938 496 necessarium
960 461 1022 496 est
1041 449 1230 495 breviter
1250 449 1410 495 dicam.
1440 450 1561 494 Nova
1581 465 1701 512 quae-

324 523 424 569 darn
466 521 641 568 haeresis
678 521 853 567 inimica
892 520 1040 581 gratiae
1067 519 1233 566 Christi
1272 531 1422 565 contra
1466 518 1702 564 Ecclesiam

322 593 488 638 Christi
509 602 692 638 conatur
713 608 911 652 exurgere
927 629 938 648 ‚
966 590 1037 636 sed
1069 589 1263 635 nondum
1286 590 1506 635 evidenter
1525 589 1579 634 ab
1610 589 1701 634 Ec-

321 663 447 709 clesia
473 673 667 726 separata
685 671 764 715 est,
788 662 1020 707 hominum
1051 660 1214 705 scilieet
1231 660 1307 723 qui
1334 670 1506 704 tantum
1537 658 1702 704 audent

321 733 566 779 infirmitati
584 733 793 778 humanae
818 733 1009 777 tribuere
1027 730 1269 794 potestatis,
1297 741 1345 775 ut
1375 730 1461 774 hoc
1482 728 1622 774 solum
1647 728 1702 774 ad

329 804 400 848 Dei
425 804 606 862 gratiam
632 802 844 866 pertinere
871 801 1139 847 contendant
1157 799 1277 863 quod
1299 816 1398 845 eum
1416 799 1554 844 libero
1579 798 1703 844 arbi-

326 873 408 918 trio
445 883 486 917 et
509 889 596 918 non
625 872 837 935 peccandi
881 870 1170 934 possibilitate
1198 870 1328 916 creati
1360 886 1532 924 sumus,
1562 879 1603 914 et
1623 868 1705 914 Dei

326 943 528 988 mandata
554 960 654 1005 quae
681 943 846 987 anobis
874 941 1162 1004 implerentur
1191 941 1464 1004 accepimus:
1498 950 1705 985 caeterum

324 1012 375 1058 ad
396 1012 544 1057 eadem
566 1011 769 1057 mandata
793 1011 1001 1056 servanda
1023 1022 1063 1056 et
1080 1011 1305 1074 implenda
1323 1009 1442 1055 nullo
1461 1009 1607 1055 divino
1628 1008 1702 1054 ad-

321 1082 484 1141 J'utorio
514 1099 590 1127 nos
614 1099 748 1141 egere.
780 1081 1069 1126 Necessariam
1093 1098 1192 1126 vero
1224 1081 1349 1126 nobis
1376 1097 1460 1125 esse
1487 1079 1705 1125 remissio-

326 1170 421 1197 nem
442 1163 742 1215 peccatorum,
765 1152 864 1215 quia
886 1169 932 1196 ea
953 1169 1051 1214 quae
1074 1170 1096 1196 a
1112 1152 1238 1196 nobis
1258 1152 1301 1196 in
1322 1151 1590 1214 praeteritum
1612 1167 1706 1195 ma-

325 1223 481 1268 lefacta
505 1234 621 1278 sunt,
648 1223 807 1267 infecta
824 1223 962 1267 facere
981 1239 1068 1266 non
1088 1222 1292 1267 valemus.
1325 1221 1540 1265 (lavendis
1564 1231 1707 1265 autem

329 1292 483 1338 futuris
507 1292 816 1355 vincendisque
841 1292 1048 1354 peccatis,
1072 1292 1364 1354 omnibusque
1396 1291 1707 1336 tentationibus

329 1363 488 1408 virtute
520 1362 772 1426 superandis
792 1399 802 1418 ,
834 1363 923 1407 sine
956 1361 1043 1407 ullo
1068 1361 1273 1425 deinceps
1309 1361 1524 1420 adjutorio
1559 1359 1708 1420 gratiae

334 1435 409 1478 Dei
433 1433 616 1478 naturali
638 1433 927 1496 possibilitate
943 1432 1182 1478 humanam
1203 1432 1395 1477 sufficere
1420 1431 1701 1478 voluntatem.

333 1505 421 1549 Nec
447 1503 652 1566 parvulos
675 1503 865 1563 indigere
903 1503 1038 1563 gratia
1082 1503 1332 1559 Salvatoris‚
1369 1503 1472 1566 quia
1505 1519 1583 1565 per
1619 1505 1709 1561 eJus

329 1575 597 1637 baptismum
626 1593 648 1620 a
674 1575 916 1638 perditione
939 1575 1181 1620 liberentur
1199 1612 1209 1630 ‚
1238 1591 1287 1618 eo
1321 1573 1442 1637 quod
1469 1573 1639 1618 nullum
1662 1590 1710 1618 ex

335 1647 472 1691 Adam
497 1646 746 1705 contagium
766 1645 1056 1691 damnationis
1082 1645 1346 1690 attraxerint.

400 1717 458 1761 ll.
483 1716 626 1772 Quam
641 1716 724 1760 sint
746 1716 843 1761 haec
865 1715 1043 1761 inimica
1061 1716 1212 1775 gratiae
1235 1715 1333 1770 Dei,
1353 1731 1455 1778 (μην
1469 1732 1546 1778 per
1563 1714 1711 1760 Jesum

336 1786 564 1832 Christum
586 1787 823 1832 Dominum
847 1797 1039 1832 nostrum
1060 1787 1254 1832 humano
1279 1786 1418 1846 generi
1436 1785 1605 1831 indulta
1628 1796 1708 1841 est,

335 1868 374 1902 et
418 1856 794 1920 quemadmodum
832 1858 963 1902 totius
1002 1857 1103 1902 fidei
1140 1857 1400 1902 Christianae
1431 1856 1712 1901 fundamenta

334 1937 519 1972 evertere
541 1927 794 1983 moliantur,
816 1927 1014 1990 pervidet
1037 1927 1264 1972 nobiseum
1293 1926 1594 1971 venerabilitas
1613 1942 1711 1972 ves-

341 2008 415 2044 tra.
460 1998 607 2060 Neque
633 1997 751 2060 apud
791 2015 866 2044 vos
887 2008 1027 2043 tacere
1047 1997 1296 2049 debuimus,
1333 2008 1378 2041 nt
1399 1996 1610 2055 ejusmodi
1627 1996 1712 2041 ho-

340 2069 492 2123 mines‚
524 2084 631 2130 quos
656 2067 834 2130 quidem
860 2068 1000 2113 sanari
1035 2069 1080 2112 in
1100 2067 1289 2112 Ecclesia
1315 2084 1446 2129 quani
1477 2084 1523 2110 cx
1544 2065 1618 2111 illa
1642 2083 1712 2111 re-

339 2137 471 2182 secari
496 2136 630 2197 magis
650 2137 850 2182 volumus
863 2149 903 2182 et
923 2147 1143 2199 optamus,
1165 2154 1267 2182 cura
1285 2136 1491 2199 pastorali
1508 2135 1706 2182 caveatis.

339 2211 435 2253 Jam
457 2207 570 2252 enim
591 2224 688 2252 eum
712 2208 789 2253 ista
817 2208 1066 2263 scriberem,
1097 2224 1438 2266 cognoveramus
1463 2207 1507 2252 in
1535 2205 1714 2251 eeclesia

342 2278 669 2338 Carthaginensi
695 2278 896 2325 adversus
917 2295 986 2323 eos
1011 2277 1271 2341 episcopalis
1293 2277 1466 2323 concilii
1486 2275 1715 2322 conditum

338 2349 462 2394 fuisse
501 2347 724 2394 decretum
743 2386 754 2405 ,
801 2366 879 2412 per
919 2348 1159 2411 Epistolam
1207 2359 1357 2393 sancto
1400 2358 1441 2393 et
1475 2345 1715 2392 venerabili

342 2420 477 2481 Papae
505 2419 762 2465 Innocentio
788 2418 1089 2480 dirigendunu
1127 2429 1169 2464 et
1199 2436 1275 2464 nos
1305 2418 1357 2464 de
1397 2417 1582 2464 coneilio
1617 2417 1713 2463 Nu-

343 2488 489 2535 midiae
509 2489 564 2535 ad
581 2490 774 2536 eamdem
789 2490 1070 2554 apostolicam
1085 2489 1236 2535 Sedem
1250 2493 1342 2550 jam
1362 2488 1554 2535 similiter
1571 2488 1714 2551 scrip-

343 2577 546 2607 seramus.

410 2630 494 2679 Ill,
525 2631 689 2680 Omnes
712 2631 825 2679 enim
855 2631 931 2697 qui
947 2649 1067 2697 spem
1093 2630 1300 2679 debemus
1323 2631 1368 2679 in
1391 2629 1586 2688 Christo,
1606 2629 1714 2678 huie

1088 2686 1137 2738 Aa
