1799 3251
514 308 725 342 EPtsToLA
761 308 941 340 cxt‘vm.
1340 291 1417 337 161

59 389 144 434 est,
178 378 289 424 sicut
313 377 476 441 Moysi,
505 393 606 422 cum
633 392 720 439 quo
750 375 857 421 facie
890 375 943 421 ad
964 374 1116 420 faciem
1147 372 1426 436 loquebatur,

62 448 247 508 alicujus
283 446 591 510 conspicabilis
628 446 820 490 materiae
860 445 1141 508 dispositione
1177 453 1396 504 assumpta
1424 479 1434 495 ,

63 517 179 563 salva
197 534 270 563 sua
288 516 583 563 invisibilitate
600 515 734 562 videri
753 516 956 578 potuisse.
982 516 1077 560 Hoc
1097 524 1156 559 est
1174 512 1293 576 quod
1309 514 1439 557 ctiam

62 599 206 634 noster
225 587 334 632 dicit
356 587 608 633 Ambrosius
623 623 633 642 ,
655 597 696 631 et
721 587 893 631 Patrem
917 596 959 630 et
984 584 1139 630 Filium
1159 594 1201 628 et
1225 582 1455 645 Spiritum,

65 668 266 703 sanctum
300 673 348 702 ea
371 657 512 719 specie
536 655 723 710 videri'l,
752 673 881 718 quam
903 654 1102 700 voluntas
1128 653 1328 712 elegerit,
1354 669 1442 697 non

66 737 219 772 natura
239 726 491 782 formaverit
513 745 522 771 :
551 737 600 771 ut
622 737 664 772 et
690 725 800 771 illud
831 742 982 770 verum
1006 724 1058 769 sit
1079 760 1088 777 ,
1116 722 1237 785 quod
1257 744 1275 762 «
1308 723 1445 766 Deum

68 818 88 838 υ
113 813 239 842 nenio
261 796 632 860 viditunquam23
656 817 675 837 n
694 813 794 859 quae
814 813 894 841 vox
918 795 1052 857 ipsius
1076 793 1251 840 Domini
1276 791 1446 837 Christi

69 876 130 911 est
154 883 165 910 :
191 876 233 910 et
262 887 283 907 «
314 865 454 922 Quem
481 883 608 911 nemo
644 866 876 911 hominum
912 865 1048 915 vidit,
1076 881 1154 909 nec
1179 863 1322 908 videre
1356 879 1442 924 po-

72 958 92 977 »
120 935 254 991 test3,
280 955 299 976 >2
322 952 422 998 quae
458 952 538 981 vox
583 935 805 998 Apostoli,
840 936 927 980 imo
957 938 1047 993 ejus
1078 951 1154 996 per
1190 932 1448 995 Apostolum

74 1005 240 1052 Christi
265 1004 358 1050 est4
387 1023 396 1049 ε
425 1016 466 1051 et
490 1005 563 1052 illa
593 1024 681 1051 non
714 1005 999 1069 repudientur
1024 1004 1265 1050 testimonia
1291 1003 1446 1064 Scrip-

75 1087 273 1121 turarum
295 1093 306 1120 ι
330 1076 491 1138 quibus
513 1078 628 1122 Deus
649 1077 764 1121 visus
784 1093 870 1121 esse
894 1086 1121 1126 narratum
1145 1074 1247 1137 quia
1268 1084 1309 1117 et
1333 1073 1449 1117 invi-

75 1145 211 1191 sibilis
243 1155 304 1191 est
335 1161 413 1207 per
437 1147 661 1210 propriam
690 1146 868 1191 Deitatis
898 1156 1093 1190 naturam
1112 1182 1121 1190 .
1159 1154 1198 1187 et
1223 1159 1322 1187 cum
1358 1140 1450 1186 vult

77 1215 214 1262 videri
239 1224 385 1280 potest
416 1233 494 1279 per
528 1227 816 1280 assumptam,
852 1217 963 1262 sicut
987 1217 1023 1261 ei
1055 1215 1293 1278 placuerit.
1334 1229 1458 1258 crea-

81 1298 241 1333 turam.

150 1359 230 1404 XI.
258 1360 391 1404 Porro
411 1358 445 1403 si
467 1369 636 1403 naturae
658 1357 793 1420 ipsius
811 1368 872 1402 est
892 1355 1162 1401 invisibilitas
1184 1356 1294 1399 sicut
1314 1355 1463 1399 incor-

81 1427 377 1490 ruptibilitas,
394 1444 482 1473 non
509 1427 752 1473 mutabitur
778 1427 928 1489 utique
952 1426 996 1471 in
1029 1425 1178 1470 futuro
1203 1423 1361 1470 saeculo
1391 1423 1465 1468 illa

85 1509 243 1543 natura
260 1535 270 1552 ,
299 1508 347 1543 ut
371 1497 424 1543 de
447 1496 657 1544 invisibili
676 1497 858 1542 visibilis
876 1497 978 1549 fiat3
1008 1496 1108 1559 quia
1141 1511 1278 1558 neque
1301 1494 1467 1557 poterit

84 1566 138 1613 de
170 1567 497 1630 incorruptibili
521 1567 822 1630 corruptibilis
860 1567 952 1612 ficri
983 1584 993 1611 :
1021 1566 1149 1612 simul
1185 1566 1298 1610 enim
1325 1575 1367 1610 et
1390 1564 1463 1610 in·-

86 1637 410 1683 commutabilis
438 1648 514 1685 est.
545 1638 601 1682 Et
625 1637 774 1700 utique
799 1648 1001 1681 naturam
1032 1640 1122 1695 ejus
1141 1634 1467 1681 commendavit

92 1708 327 1772 Apostolus
345 1745 356 1764 ,
384 1725 485 1754 cum
515 1707 603 1754 duo
625 1709 704 1754 ista
740 1707 869 1753 simul
901 1718 1080 1770 poneret
1101 1707 1248 1752 dicens
1277 1724 1287 1750 :
1316 1706 1465 1764 «Regi

91 1800 112 1820 n
140 1789 283 1824 autem
315 1779 575 1825 saeculorum
604 1778 839 1834 invisibili,
873 1777 1227 1840 incorruptibili.
1257 1776 1336 1821 soli
1373 1777 1464 1821 Deo

93 1870 113 1890 >³
136 1848 280 1894 honor
302 1859 344 1894 et
366 1848 502 1908 gloria
518 1849 563 1894 in
587 1848 744 1896 saecula
763 1847 1021 1894 saeculorum
1037 1848 1070 1894 5.
1098 1870 1115 1888 n
1140 1846 1264 1892 L'nde
1283 1864 1368 1892 non
1390 1863 1464 1891 au-

93 1918 173 1964 deo
196 1935 273 1978 ego
293 1918 352 1963 ita
371 1918 655 1979 distinguere,
675 1929 723 1963 ut
740 1917 882 1963 dicam
903 1955 913 1974 ,
942 1916 1269 1980 incorruptibili
1285 1915 1463 1979 quidem

93 1988 140 2034 in
162 1987 319 2033 saecula
338 1988 611 2034 saeculorum.
636 1987 851 2033 Invisibili
876 1998 1016 2033 autem
1041 2005 1128 2033 non
1149 1988 1191 2032 in
1207 1986 1361 2032 saecula
1379 2003 1463 2031 see-

96 2057 317 2114 culorum,
338 2058 411 2104 sed
432 2069 600 2104 tantum
618 2058 662 2103 iu
684 2057 769 2103 hoc
795 2057 970 2103 saeculo.
995 2058 1153 2104 Verum
1173 2057 1272 2120 quia
1294 2056 1464 2101 necista

102 2127 343 2174 testimonia
361 2128 466 2174 falsa
480 2146 566 2174 esse
584 2138 766 2191 possunt
787 2146 797 2172 :
818 2149 837 2167 «
859 2128 982 2173 Beati
1000 2127 1163 2173 mundo
1183 2126 1334 2180 corde3
1357 2142 1464 2189 quo·

99 2219 120 2239 »
143 2198 353 2260 niamipsi
370 2199 502 2244 Deum
518 2198 765 2244 videbuntss.
785 2219 804 2238 >2
822 2199 891 2252 Et,
912 2219 931 2237 «
952 2198 1122 2243 Scimus
1139 2197 1239 2261 quia
1257 2213 1358 2242 cum
1383 2213 1465 2258 ap-

103 2291 123 2310 »
148 2269 361 2331 paruerit,
394 2269 552 2314 similes
581 2269 617 2314 ei
651 2269 835 2321 erimus,
870 2269 1073 2331 quoniam
1103 2268 1348 2313 videbimus
1368 2283 1466 2312 cum

103 2360 124 2380 »
148 2337 275 2383 sicuti
303 2338 395 2383 est7
419 2356 428 2382 :
457 2360 477 2379 »
502 2355 653 2398 negare
677 2355 763 2383 non
799 2355 1027 2401 possumus
1058 2337 1166 2383 filios
1203 2338 1280 2382 Dei
1302 2338 1467 2383 visuros

103 2409 268 2464 Deum,
290 2408 361 2454 sed
394 2408 506 2454 sicut
535 2408 736 2455 videntur
755 2409 987 2454 invisibilia
1006 2446 1017 2464 ,
1043 2409 1152 2454 sicut
1169 2426 1211 2454 se
1230 2410 1375 2472 ipsum
1397 2426 1467 2454 os-

106 2488 327 2524 tensurum
347 2479 653 2542 promittebat,
667 2479 743 2543 qui
759 2478 1012 2525 hominibus
1028 2479 1270 2543 apparebat
1285 2479 1330 2525 in
1342 2495 1469 2524 carne

157 2579 341 2613 ¹Ambros.
363 2579 394 2611 in
413 2583 525 2611 Lucam
545 2592 613 2623 cap.
636 2592 664 2612 x.
691 2599 733 2604 -
755 2579 770 2602 2
795 2584 887 2614 Joan.
917 2593 945 2617 r,
973 2582 1024 2614 18,
1043 2578 1114 2603 —3
1139 2592 1149 2610 t
1170 2583 1266 2613 Joan.
1289 2591 1333 2615 ιν,
1353 2591 1405 2610 12.
1426 2595 1471 2602 —-

109 2634 123 2658 ⁴
146 2647 157 2666 1
180 2637 261 2666 Tam.
282 2646 326 2676 vt,
349 2637 400 2665 16.
423 2654 462 2658 —
479 2635 490 2657 5
509 2636 553 2666 Η.
576 2649 601 2673 1,
622 2648 672 2676 ¹3·-
691 2634 892 2668 —5121411232
913 2648 941 2680 v,
963 2638 993 2669 8.
1011 2635 1078 2659 -7
1099 2648 1109 2666 ι
1133 2639 1214 2669 Joan
1245 2646 1295 2672 ιιι,
1313 2646 1341 2665 2.

272 2705 432 2735 cxnvil.
1294 2705 1303 2734 l
1328 2704 1339 2733 l
