1799 3251
248 275 251 277 >
317 261 401 304 150
712 272 743 300 s.
789 270 1035 304 Arousrml
1070 270 1271 316 Episcom

313 337 366 384 de
389 337 571 402 spiritali
601 352 800 400 corpore,
835 335 954 399 quod
977 336 1024 383 in
1049 337 1360 383 resurrectione
1383 337 1673 402 promittitur,

311 409 585 472 probabilius
609 405 880 453 sentiendum
900 407 980 462 sit,
997 406 1171 453 interim
1197 407 1323 453 nobis
1347 408 1532 454 sufficiat
1556 407 1678 472 quod

313 478 556 538 unigenitus
584 478 743 532 Filius,
782 476 981 540 idemque
1016 477 1228 535 mediator
1271 478 1350 523 Dei
1378 489 1420 526 et
1448 479 1677 525 hominum

309 549 444 601 homo
471 549 666 598 t.l1ristus
696 549 818 594 Jesus
844 548 900 592 ita
937 548 1054 594 videt
1082 550 1281 604 Patrem,
1319 550 1430 595 sicut
1459 550 1632 596 videtur
1654 567 1680 596 a

309 618 481 671 Pan-cl.
507 620 594 665 Nos
625 629 766 664 autem
792 618 845 663 ad
866 617 984 663 illam
1003 618 1211 664 visionem
1240 619 1344 674 Dei,
1369 637 1467 683 quae
1488 621 1613 666 nobis
1633 621 1679 666 in

310 690 620 743 resurrectione
644 689 931 752 promittitur,
961 706 1049 734 non
1072 706 1119 734 ex
1137 689 1225 735 hoc
1250 690 1414 736 mundo
1435 691 1557 736 istam
1582 707 1680 735 con-

308 760 619 824 cupiscentiam
642 759 869 805 oculorum
889 759 1118 805 transferre
1133 777 1360 817 conemur,
1378 761 1449 806 sed
1467 760 1678 806 mundan-

312 830 378 883 dis
406 830 614 880 cordibus
638 831 713 893 pio
739 829 986 876 studeamus
1013 831 1192 883 affectu3
1218 848 1298 876 nec
1326 830 1596 894 corporalem
1621 832 1680 876 fa-

312 902 421 948 ciem
446 902 683 961 cogitemus
699 938 711 957 ,
743 917 841 949 cum
865 900 972 945 dicit
997 900 1231 964 Apostolus
1258 918 1267 946 :
1297 922 1316 942 c<
1338 901 1544 948 Videmus
1563 917 1682 948 nunc

310 993 332 1015 ))
354 989 432 1035 per
464 971 688 1035 speculum
723 971 769 1016 in
797 972 1051 1030 aenigmate3
1087 982 1192 1016 tunc
1229 982 1370 1017 autem
1407 972 1516 1019 facie
1539 972 1593 1018 ad
1620 971 1682 1017 fa·-

311 1064 332 1084 »
358 1043 496 1088 eiem2
520 1060 530 1087 ι
555 1063 575 1083 »
598 1041 838 1105 praesertim
867 1041 970 1104 quia
994 1042 1229 1105 Apostolus
1260 1043 1494 1106 expressius
1533 1043 1641 1088 dixit
1668 1060 1680 1088 ε

314 1133 335 1153 «
366 1113 491 1165 Nunc
530 1112 617 1157 scio
643 1128 690 1157 ex
720 1122 868 1174 parte3
899 1122 1002 1157 tunc
1039 1123 1178 1158 autem
1218 1129 1476 1174 cognoscam
1510 1113 1623 1159 sicut
1645 1123 1688 1172 εξ

314 1204 336 1235 ³.)
363 1181 559 1242 cognitus
594 1199 703 1227 sum.
725 1203 745 1223 »
783 1182 826 1226 Si
852 1198 952 1241 ergo
993 1192 1100 1228 tunc
1144 1183 1364 1246 corporali
1403 1184 1544 1229 Deum
1579 1182 1689 1229 facie

317 1269 623 1313 cognoscemus
639 1289 649 1308 ‚
687 1252 904 1316 corporali
931 1255 1023 1311 ejus
1046 1269 1164 1299 nunc
1189 1254 1299 1299 facie
1319 1254 1483 1314 cogniti
1505 1270 1652 1299 sumus
1674 1268 1687 1298 z

320 1345 343 1368 c<
367 1325 495 1374 Tunc
510 1325 623 1368 enim
645 1340 927 1383 cognoscam,
950 1324 1091 1387 inquit
1105 1361 1115 1373 .
1138 1325 1250 1370 sicut
1269 1335 1310 1370 et
1326 1325 1524 1384 cognitus
1542 1342 1650 1371 sum.
1669 1345 1691 1366 >1

322 1395 448 1443 Unde
470 1395 566 1457 quis
586 1411 682 1440 eum
707 1411 791 1439 non
815 1394 1027 1453 intelligat
1052 1412 1100 1440 co
1123 1395 1221 1440 loco
1245 1396 1371 1441 etiam
1402 1407 1593 1441 nostram
1625 1394 1694 1455 fa·-

323 1467 430 1513 ciem
450 1466 568 1514 illam
587 1465 828 1524 significare
859 1465 1041 1511 voluisse
1060 1502 1070 1521 ‚
1096 1466 1148 1511 de
1178 1483 1264 1530 qna
1302 1466 1409 1512 dicit
1445 1467 1528 1513 alio
1554 1466 1652 1511 loco
1679 1482 1694 1510 ι

323 1558 343 1579 α
370 1537 457 1582 'Nos
480 1548 622 1580 autem
651 1535 834 1581 revelata
855 1536 962 1582 facie
986 1536 1171 1596 gloriam
1194 1537 1371 1582 Domini
1391 1537 1663 1600 speculantes
1680 1573 1693 1593 ‚

324 1628 344 1647 2>
369 1607 412 1652 in
433 1605 625 1652 eamdem
653 1607 881 1666 imaginem
908 1606 1266 1653 transformamur
1298 1607 1351 1653 cle
1372 1608 1508 1668 gloria
1531 1608 1575 1653 in
1601 1607 1696 1667 glo—

325 1700 346 1725 »
371 1677 478 1725 riam
497 1713 508 1730 ,
532 1687 738 1739 tanquam
756 1695 778 1722 a
806 1677 984 1722 Domini
1007 1678 1175 1741 Spiritu
1191 1678 1236 1729 ὃς
1259 1700 1277 1719 n
1299 1678 1353 1724 cle
1379 1678 1515 1739 gloria
1534 1678 1700 1724 scilicet

325 1747 426 1794 fidei
455 1748 502 1797 in.
535 1747 715 1807 gloriam
752 1748 1131 1811 contemplationis
1158 1753 1364 1795 aeternae?
1406 1750 1504 1795 Hoc
1533 1748 1701 1813 quippe

325 1819 410 1878 agit
427 1819 526 1867 haee
556 1818 892 1873 transformatio,
925 1836 1010 1882 qna
1035 1820 1216 1865 interior
1235 1820 1368 1866 homo
1389 1830 1623 1866 renovatur
1648 1818 1702 1864 de

331 1888 400 1936 die
416 1889 460 1934 in
480 1887 638 1935 diem&
671 1889 733 1933 De
751 1906 838 1951 quo
853 1900 893 1934 et
913 1890 1145 1952 Apostolus
1165 1893 1340 1946 Petrus,
1362 1907 1463 1936 cum
1488 1907 1585 1935 eum
1605 1906 1702 1935 mo-

334 1969 453 2004 neret
475 1959 618 2004 ornari
644 1976 654 2003 ι
682 1980 702 1999 <‹
730 1960 826 2004 non
852 1976 950 2022 quae
979 1977 999 2004 a
1030 1960 1159 2016 foris,
1196 1961 1367 2023 inquit,
1394 1971 1602 2005 ornentur
1626 1977 1703 2005 ca-

336 2052 355 2072 »
380 2029 588 2092 pillorum
627 2029 1037 2092 incrispationibus,
1077 2042 1149 2076 aut
1182 2048 1287 2076 auro
1305 2069 1315 2085 ‚
1341 2042 1414 2077 aut
1435 2030 1701 2091 margaritis,

290 2152 291 2157 Ἰ
337 2122 356 2142 1>
381 2099 447 2145 vel
474 2110 588 2146 veste
621 2101 806 2163 pretiosa
832 2118 841 2144 :
863 2100 936 2146 sed
960 2100 1030 2146 ille
1062 2101 1346 2147 absconditus
1374 2101 1520 2147 cordis
1543 2101 1703 2154 homo;

336 2190 358 2212 ι)
381 2169 457 2232 qui
479 2179 655 2215 estante
679 2172 818 2215 Deum
842 2170 960 2217 clives
975 2171 1007 2216 5.
1034 2192 1055 2213 >2
1076 2172 1129 2216 In
1151 2188 1236 2234 qua
1251 2173 1364 2217 enim
1384 2170 1495 2217 facie
1512 2170 1707 2218 velamen

336 2241 503 2286 habent
537 2239 681 2286 Judaei
717 2258 802 2286 non
840 2241 1101 2287 transeundo
1140 2241 1194 2287 act
1220 2242 1472 2298 Christum,
1498 2241 1707 2306 quoniam

337 2328 441 2357 cum
472 2310 686 2357 transierit
707 2315 894 2374 quisque
917 2311 971 2357 ad
997 2312 1223 2357 Christum
1245 2313 1460 2358 auferetur
1482 2312 1676 2358 velamen
1694 2345 1705 2366 ,

336 2398 384 2426 ea
414 2397 492 2426 nos
517 2380 626 2426 facie
657 2381 841 2428 revelata
868 2382 914 2427 in
950 2382 1145 2428 eamdem
1170 2383 1403 2443 imaginem
1424 2381 1708 2428 transforma*

338 2467 450 2497 mur.
478 2450 757 2514 Apertissime
793 2463 936 2498 autem
963 2452 1072 2499 dicit
1101 2471 1110 2497 ε
1138 2474 1158 2494 «
1179 2454 1383 2500 Velamen
1413 2471 1543 2517 super
1577 2451 1711 2499 corda

387 2551 428 2582 ¹1
443 2549 528 2583 Tim.
547 2563 586 2584 ιι,
605 2552 636 2584 5.
653 2551 725 2576 —2
746 2565 757 2583 1
780 2552 1108 2592 e21·..x11=‚12.-3
1124 2566 1141 2586 2
1159 2557 1419 2597 C01·.111‚18.—-
1439 2553 1452 2576 4
1466 2555 1513 2587 Id.
1530 2566 1577 2596 iv,
1598 2557 1710 2588 16.—

341 2605 354 2628 5
377 2618 390 2637 1
408 2610 493 2640 Petr.
511 2617 559 2646 ιιι,
580 2609 608 2638 3.
