1799 3251
569 310 780 344 EPISTOLA
816 310 1058 344 cxtxxvnt.
1395 301 1489 357 413

118 378 332 444 pestiferae
366 376 580 440 impietati
612 377 819 433 resistere,
857 394 1037 440 eamque
1065 378 1341 425 concorditer
1367 379 1495 426 dam-

118 467 219 496 nare
234 460 275 495 et
299 447 573 494 anathemare
595 448 802 493 debemus
821 466 830 492 :
849 464 948 511 quae
969 449 1370 496 contradicitetiam
1392 468 1493 496 ora-

118 521 309 566 tionibus
335 519 514 575 nostris,
556 517 796 565 concedens
834 517 1011 582 quidem
1050 529 1098 565 ut
1122 519 1317 566 dicamus
1345 538 1355 566 :
1382 541 1401 561 α
1422 520 1494 565 Di-

117 611 138 633 »
177 591 300 637 mitte
331 590 458 635 nobis
489 589 636 635 debita
680 600 852 645 nostra,
890 589 1002 634 sicut
1031 600 1074 636 et
1116 607 1194 636 nos
1231 590 1492 637 dimittimus

117 683 138 705 »
167 660 439 707 debitoribus
453 660 635 706 nostris1
655 677 664 704 :
685 681 704 701 »
723 671 765 705 et
787 660 874 705 hoc
894 660 952 705 ita
973 660 1234 715 concedenS‚
1263 673 1312 707 ut
1338 671 1493 707 asserat

114 731 337 777 hominem
379 732 424 776 in
472 731 558 776 hoc
586 730 863 793 corruptibili
889 746 1099 792 corpore,
1137 730 1256 792 quod
1290 741 1493 790 aggravat

115 802 327 858 animam,
371 818 494 864 posse
535 801 620 846 suis
657 801 823 847 viribus
863 799 917 846 ad
949 810 1112 845 tantam
1135 800 1350 859 Justitiam
1391 817 1494 863 per-

116 872 281 928 venire,
309 882 357 917 ut
375 887 512 934 neque
549 870 636 916 hoc
666 870 726 915 illi
753 870 806 916 sit
832 870 974 915 dicere
1014 870 1299 915 necessarium
1329 888 1338 915 :
1366 891 1385 910 c<
1414 871 1496 915 Diu

115 943 275 987 »mitte
295 941 422 987 nobis
441 940 587 986 debita
614 951 774 987 nostra.
798 962 818 981 >2
854 939 970 984 Illud
999 956 1100 984 vero
1125 938 1244 1002 quod
1264 940 1457 1003 sequitur
1479 957 1489 984 ;

113 1033 134 1054 «
156 1012 220 1058 Ne
239 1029 317 1057 nos
338 1011 493 1057 inferas
517 1011 561 1056 in
588 1011 885 1066 tentationem,
905 1032 924 1052 >³
950 1027 1038 1055 non
1063 1009 1123 1055 sic
1152 1009 1375 1072 accipiunt
1400 1021 1493 1054 tan-

113 1098 244 1146 quam
267 1082 382 1127 Deus
400 1080 589 1126 orandus
602 1081 673 1136 sit,
690 1097 776 1143 quo
791 1097 868 1125 nos
885 1079 937 1125 ad
954 1078 1169 1142 superans]
1179 1096 1219 1124 as
1237 1081 1492 1124 tentationes

114 1151 290 1211 adjuvet
307 1162 605 1215 peccatorum,
634 1150 704 1195 sed
730 1168 782 1195 ne
799 1150 1027 1214 quisquam
1055 1149 1222 1194 irruens
1248 1148 1490 1211 corporali-

115 1232 177 1267 ter
215 1239 293 1267 nos
317 1222 536 1266 humanus
578 1238 702 1266 casus
745 1221 935 1280 affligat:
978 1220 1181 1282 quoniam
1210 1229 1489 1281 peccatorum

114 1292 369 1337 tentationes
386 1291 556 1337 vincere
577 1291 635 1336 ita
649 1292 702 1336 sit
718 1293 808 1350 jam
830 1291 876 1336 in
896 1300 1041 1335 nostra
1056 1291 1247 1352 positum
1264 1299 1490 1351 potestate,

113 1361 400 1425 'possibilitate
419 1372 606 1417 naturae,
629 1371 677 1406 ut
702 1361 788 1406 hoc
823 1361 1007 1406 inaniter
1040 1359 1364 1422 impetrandum
1393 1376 1493 1404 ora-

113 1431 308 1477 tionibus
355 1432 630 1477 arbitremur.
683 1432 780 1476 Non
823 1447 1050 1494 possumus
1069 1447 1153 1475 una
1173 1429 1351 1492 epistola
1369 1429 1490 1474 brevi

114 1502 258 1548 onmia
281 1501 349 1547 vel
367 1502 559 1565 plurima
578 1512 711 1548 tantae
737 1502 970 1564 impietatis
991 1511 1241 1561 argumenta
1268 1498 1485 1558 colligere,

114 1574 355 1637 praesertim
381 1574 483 1636 quia
510 1590 611 1618 cum
636 1573 717 1617 ista
742 1573 1078 1627 conscriberem,
1106 1570 1340 1633 perlatores
1363 1570 1486 1613 navi-

115 1643 258 1703 gaturi
289 1660 354 1688 me
376 1643 598 1688 immorari
643 1642 806 1687 diutius
829 1659 915 1687 non
957 1641 1168 1686 sinebant.
1202 1641 1317 1685 Puto
1347 1649 1485 1683 autem

113 1729 341 1759 onerosum
370 1730 435 1758 me
478 1731 562 1758 non
598 1712 724 1757 fuisse
748 1713 904 1757 sanctis
939 1712 1134 1757 sensibus
1163 1710 1262 1764 tuis,
1287 1708 1401 1771 quod
1431 1708 1484 1752 de

114 1794 236 1830 tanto
261 1784 393 1838 malo,
431 1785 636 1846 omnique
658 1783 880 1842 vigilantia
908 1782 1094 1827 Domino
1131 1780 1364 1839 adjuvaute
1415 1779 1482 1822 vi-

117 1854 268 1909 tando,
297 1865 434 1900 tacere
456 1871 542 1899 non
566 1854 707 1917 potui.

165 1955 175 1976 ¹
198 1954 300 1985 Mauh
335 1964 376 1992 vi,
395 1965 445 1986 12.
