1799 3251
603 286 813 318 EPISTOLA
848 288 1032 320 etxxm.
1407 279 1492 327 381

128 365 221 401 tum
245 353 483 417 suscipiant
511 363 709 399 tenentur
740 353 882 410 inviti,
907 355 1231 418 perducuntur,
1260 357 1500 407 includun-

131 436 218 480 tur,
257 423 580 480 custodiuntur‚
611 423 843 488 patiuntur
875 435 994 471 tanta
1025 444 1125 490 quae
1149 427 1321 486 nolunt,
1360 430 1499 478 donec

124 496 183 542 eis
205 495 314 542 adsit
335 495 535 541 voluntas
565 494 830 558 suscipiendi
855 498 996 559 operis
1014 498 1147 552 boni;
1180 511 1343 562 quanto
1367 503 1501 563 magis

121 583 198 614 vos
220 566 274 612 ab
293 582 434 611 errore
453 565 713 630 perniciose,
747 565 792 611 in
818 583 905 630 quo
922 568 1045 614 vobis
1063 569 1228 615 inimici
1262 571 1375 628 estis,
1406 583 1496 619 tra-

121 637 257 683 hendi
280 637 395 691 estis,
423 647 464 682 et
480 635 726 682 deducendi
750 636 804 682 ad
830 637 1052 684 veritatem
1065 639 1131 685 vel
1154 642 1496 700 cognoscendam

119 708 187 755 vel
206 707 461 768 eligendam,
479 724 566 753 non
579 706 718 752 solum
733 717 782 752 ut
801 707 1013 753 honorem
1032 708 1263 755 salubriter
1280 711 1496 772 habeatis,

119 778 193 825 sed
226 779 356 824 etiarn
381 795 434 824 ne
454 778 633 841 pessime
656 778 865 841 pereatis?
884 779 1002 824 Dicis
1021 781 1162 825 Deum
1188 780 1354 828 dedisse
1374 783 1490 830 libe-

117 865 216 896 rum
237 848 491 902 arbitrium3
526 848 622 894 ideo
648 866 733 894 non
759 848 917 895 debere
957 849 1052 909 cogi
1077 850 1299 898 hominem
1334 870 1412 900 nee
1439 855 1493 901 ad

116 919 302 966 bonum.
330 920 476 976 Quare
493 936 592 978 ergo
612 919 694 975 illi,
717 919 770 965 de
794 920 957 983 quibus
984 937 1112 984 supra
1145 922 1248 978 dixi,
1277 936 1492 985 coguntur

118 990 172 1037 ad
189 991 355 1037 bonum
373 993 391 1036 ,ὓ
413 989 600 1036 Attende
614 1006 712 1049 ergo
733 991 853 1053 quod
877 991 1148 1038 considerare
1178 1010 1267 1041 non
1286 995 1362 1042 vis.
1388 996 1491 1043 Ideo

116 1061 316 1107 voluntas
356 1062 473 1107 bona
513 1061 849 1107 misericorditer
866 1062 1162 1126 jmpenditur,
1192 1075 1239 1110 ut
1264 1066 1376 1112 mala
1410 1084 1491 1114 vo-

115 1132 258 1179 luntas
284 1132 475 1178 hominis
496 1131 723 1192 dirigatur.
761 1133 870 1179 Nam
893 1134 990 1197 quis
1007 1135 1168 1180 nesciat
1194 1153 1271 1182 nec
1293 1137 1493 1186 danmari

114 1202 357 1260 hominem,
386 1203 467 1249 nisi
483 1203 637 1248 merito
658 1203 784 1249 malae
808 1205 1064 1260 voluntatis,
1100 1223 1178 1251 nec
1214 1206 1389 1254 liberari
1412 1211 1492 1256 nisi

114 1273 277 1320 bonam
299 1274 505 1320 habuerit
523 1274 827 1321 voluntatem?
873 1276 970 1320 Non
1006 1285 1149 1321 tamen
1170 1276 1265 1322 ideo
1292 1279 1366 1342 qui
1386 1279 1491 1326 dili-

115 1355 277 1405 guntur
295 1344 421 1390 malae
446 1361 535 1390 suae
560 1344 773 1390 voluntati
790 1343 972 1408 impune
989 1355 1031 1390 et
1048 1345 1279 1392 crudeliter
1300 1350 1488 1411 permit-

114 1415 233 1461 tendi
249 1425 364 1472 sunt,
389 1414 465 1460 sed
493 1414 571 1460 ubi
595 1425 786 1477 potestas
807 1414 952 1472 datur,
978 1426 1019 1461 et
1038 1434 1061 1461 a
1089 1416 1202 1462 malo
1220 1419 1490 1481 prohibendi

112 1485 222 1532 etad
240 1486 406 1532 bonum
428 1484 625 1545 eogendi.

178 1558 260 1604 111.
288 1558 400 1602 Nam
422 1555 667 1603 sivoluntas
686 1556 799 1603 mala
818 1575 984 1622 semper
1002 1575 1091 1605 suae
1114 1560 1404 1622 permittenda
1424 1571 1486 1610 est

110 1625 327 1681 libertati;
348 1644 481 1689 quare
498 1627 711 1674 Israelitae
733 1639 977 1675 recusantes
998 1640 1039 1674 et
1054 1642 1374 1678 murmurantes
1396 1644 1485 1680 tam

111 1696 230 1744 duris
241 1698 418 1758 flagellis
433 1717 456 1744 a
472 1697 587 1743 malo
608 1698 972 1761 prohibebantur,
996 1710 1036 1745 et
1053 1700 1104 1746 ad
1130 1711 1284 1747 terram
1304 1704 1487 1765 promis-

110 1768 240 1815 sionis
257 1769 664 1832 compellebantur?
687 1770 732 1815 Si
749 1770 950 1816 voluntas
975 1771 1087 1817 mala
1100 1788 1268 1835 semper
1285 1790 1374 1819 suae
1389 1791 1487 1838 per-

108 1839 321 1884 mittenda
341 1850 403 1885 est
426 1839 634 1896 libertati,
653 1856 787 1903 quare
803 1840 966 1886 Paulus
984 1859 1072 1887 non
1095 1853 1156 1887 est
1174 1844 1405 1906 permissus
1423 1846 1487 1891 uti

105 1910 292 1974 pessima
330 1909 554 1956 voluntate
569 1948 580 1967 ,
621 1927 706 1974 qua
739 1912 1081 1975 persequebatur
1115 1913 1347 1960 Ecclesiam
1366 1952 1376 1968 ,
1411 1916 1486 1963 sed

106 1991 350 2045 prostratus
369 1991 429 2026 est
453 1992 501 2027 ut
515 1993 819 2038 excaecaretur,
837 1993 879 2028 et
898 1994 1134 2029 excaecatus
1153 1995 1214 2030 est
1234 1995 1279 2030 ut
1298 1997 1484 2033 mutare-

107 2062 204 2108 tur,
229 2062 420 2097 mutatus
441 2063 488 2098 ut
523 2053 782 2109 mitteretur,
816 2053 968 2099 missus
987 2064 1034 2099 ut
1067 2054 1213 2117 qualia
1244 2055 1404 2101 fecerat
1436 2057 1483 2102 in

106 2138 265 2178 errore,
285 2122 384 2167 talia
401 2140 483 2186 pro
497 2123 676 2168 veritate
689 2127 938 2186 pateretur?
963 2123 1008 2169 Si
1026 2124 1225 2171 voluntas
1244 2125 1355 2170 mala
1374 2143 1484 2172 sem-

106 2210 185 2256 per
204 2210 292 2238 suae
311 2193 603 2256 permittenda
628 2204 689 2238 est
712 2194 931 2247 libertati3
962 2211 1096 2257 quare
1132 2206 1332 2241 monetur
1357 2207 1483 2258 pater

105 2263 151 2308 in
173 2263 410 2326 Scripturis
432 2263 608 2315 sanctis,
637 2263 775 2309 filium
792 2263 950 2310 durum
973 2282 1059 2310 non
1079 2264 1217 2310 solum
1237 2266 1379 2311 verbis
1395 2283 1484 2313 cor-

104 2333 263 2396 ripere,
286 2333 356 2379 sed
378 2334 506 2379 etiam
526 2334 660 2379 latera
679 2338 767 2394 ejus
788 2335 992 2391 tundere,
1019 2346 1064 2380 ut
1085 2335 1140 2380 ad
1159 2335 1320 2381 bonam
1345 2335 1481 2382 disci-

105 2403 272 2467 plinam
289 2415 465 2450 coactus
490 2414 531 2449 et
555 2403 746 2449 domitus
771 2403 1040 2465 dirigatur11³
1059 2404 1184 2450 Unde
1209 2404 1323 2450 idem
1343 2405 1475 2452 dicit:

105 2494 126 2515 >2
153 2474 221 2520 Tu
249 2474 426 2538 quidem
467 2475 658 2538 percutis
680 2492 779 2521 eum
802 2476 940 2536 virga,
983 2475 1173 2521 animam
1210 2486 1351 2521 autem
1390 2480 1480 2537 ejus

105 2544 302 2592 »liberas
324 2564 346 2591 a
371 2556 508 2592 morte
524 2545 557 2593 ².
587 2567 607 2588 >2
646 2546 690 2592 Si
707 2546 819 2592 mala
848 2546 1047 2594 voluntas
1068 2563 1235 2609 semper
1261 2563 1351 2593 suae
1373 2564 1478 2610 per-

153 2628 163 2650 ¹
186 2628 279 2661 Eccli.
296 2640 369 2669 xxx,
393 2639 447 2662 12.
468 2646 511 2653 -
532 2626 547 2649 ¹²
570 2631 662 2661 Prov.
687 2639 787 2665 xxm,
813 2636 863 2666 14.
