1799 3251
576 262 789 296 EPISTOLA
825 265 919 296 CXL.
1368 260 1440 305 65

73 331 315 394 »operibus
332 330 476 387 bonis,
497 346 597 393 quae
614 331 881 394 praeparavit
897 332 1014 382 Deus
1033 342 1080 378 ut
1104 334 1147 379 in
1175 335 1259 381 illis
1276 337 1438 385 ambu-

75 419 95 442 »
111 398 247 446 lemus
264 400 295 448 1.
318 422 338 442 »

133 471 330 517 LXXIV.
373 473 542 518 Animae
571 470 705 530 igitur
733 472 952 517 rationalis
985 474 1251 521 mutabilitas
1275 478 1431 525 admo-

67 551 216 597 netur,
264 560 352 606 quo
389 544 556 590 noverit
594 542 674 587 nisi
696 543 1029 606 participatione
1062 545 1432 597 incommutabilis

67 609 173 656 boni
196 649 206 667 ,
227 616 392 672 jus-tam
414 650 424 669 ‚
451 614 635 665 salvam,
662 612 897 674 sapientem
917 651 926 669 ‚
952 614 1126 661 beatam
1163 634 1204 662 se
1234 635 1321 664 esse
1345 637 1434 668 non

68 698 207 744 posse,
231 700 308 728 nec
322 683 404 728 sibi
424 700 515 728 eam
539 684 706 728 bonum
732 699 818 727 6336
839 700 978 745 posse,
1001 687 1180 748 propria
1195 688 1434 748 voluntate,

68 752 138 798 sed
166 753 342 800 malum.
377 755 559 817 Propria
585 754 752 816 quippe
784 754 1007 800 voluntate
1041 758 1246 804 avertitur
1277 777 1299 805 a
1321 761 1440 808 bono

66 823 440 880 incommutabili,
463 841 598 888 eaque
623 824 841 868 aversione
866 825 1077 871 vitiatar:
1106 844 1183 873 nec
1202 832 1342 876 sanari
1362 850 1440 895 per

63 909 107 939 se
125 894 263 956 ipsam
288 905 458 957 potest,
477 894 548 939 sed
569 893 756 953 gratuita
787 894 1079 941 misericordia
1099 898 1165 942 sui
1186 899 1402 948 Creatoris
1423 941 1434 959 ,

64 979 165 1026 quae
193 963 239 1008 in
262 963 347 1009 hac
380 964 469 1015 vita
492 980 586 1008 eam
609 980 656 1008 ex
686 963 772 1008 fide
796 963 1008 1010 viventem
1035 965 1080 1010 in
1110 983 1185 1029 spe
1212 972 1437 1019 constituit

62 1033 214 1078 salutis
239 1043 423 1080 aeternae.
455 1032 580 1079 Unde
603 1050 690 1078 non
713 1033 845 1078 altum
870 1035 1024 1097 sapiat,
1062 1036 1131 1082 scd
1158 1038 1332 1097 timeat3
1358 1060 1435 1089 eo-

62 1121 147 1167 que
168 1104 322 1150 timore
349 1114 465 1150 casto
485 1141 495 1159 ‚
519 1104 732 1149 inhaereat
754 1105 845 1149 Deo
866 1142 876 1157 ‚
900 1107 975 1168 qui
999 1123 1090 1151 eam
1112 1125 1133 1152 a
1160 1114 1335 1173 propria
1353 1115 1434 1161 im-

63 1177 295 1233 munditia,
316 1194 402 1241 qua
425 1177 669 1222 inordinate
692 1177 807 1221 bona
839 1177 1039 1223 inferiora
1071 1179 1234 1235 dilexit,
1264 1185 1380 1232 velut
1409 1207 1432 1235 a

59 1248 249 1311 quadam
275 1247 558 1294 fornicatione
580 1246 763 1310 spiritali
796 1247 1023 1293 mundavit
1059 1267 1068 1294 :
1111 1267 1189 1296 nec
1229 1253 1430 1305 humanis

62 1317 267 1364 laudibus
299 1318 525 1364 extollatur
546 1353 556 1373 ‚
595 1334 647 1362 ne
678 1318 731 1362 sit
765 1319 809 1362 in
834 1318 1073 1377 virginibus
1116 1322 1256 1368 stultis
1292 1328 1430 1376 aliena

59 1387 189 1434 laude
206 1388 504 1441 laetantibus2,
536 1388 641 1450 (hoc
665 1388 780 1433 enim
802 1390 854 1433 de
871 1390 1185 1451 quaestionibus
1206 1394 1288 1440 tuis
1308 1409 1436 1447 restat

1 1455 17 1483 Ψ
57 1470 293 1505 extremum
308 1461 324 1522 NJ
341 1471 382 1506 et
400 1470 583 1523 propter
610 1459 940 1522 ipsuminanem
962 1460 1134 1507 laudem
1154 1500 1163 1515 ‚
1188 1481 1274 1511 non
1285 1485 1429 1534 prop-

62 1539 123 1574 ter
159 1530 466 1575 conscientiam
504 1545 647 1582 suam,
677 1529 753 1573 ubi
784 1528 866 1573 illis
902 1530 1016 1574 testis
1048 1541 1109 1575 est
1146 1534 1282 1590 Deus,
1309 1537 1427 1586 bona

59 1600 340 1662 operantibus
369 1617 380 1645 z
407 1598 481 1645 sed
504 1599 618 1644 sitin
638 1598 877 1658 virginibus
895 1600 1188 1662 sapientibus,
1215 1603 1292 1650 ubi
1312 1606 1431 1655 dicat

59 1668 177 1731 quod
199 1669 256 1715 ait
281 1668 512 1732 Apostolus
537 1686 547 1713 :
579 1689 598 1709 α
619 1669 727 1713 Nam
754 1668 888 1727 gloria
910 1680 1052 1714 nostra
1074 1670 1172 1716 haec
1192 1684 1254 1718 est
1269 1711 1279 1730 ‚
1307 1680 1429 1725 testi-

57 1760 77 1780 »
105 1740 299 1784 monium
335 1738 838 1785 co11scientiaenostrae5.
869 1760 887 1779 ›>
923 1740 1018 1785 Hoc
1052 1741 1166 1785 enim
1191 1754 1252 1788 est
1284 1747 1427 1796 oleum

58 1801 165 1853 ferre
186 1826 328 1854 secum
344 1847 353 1860 ,
375 1826 459 1854 non
485 1826 506 1853 a
533 1807 821 1854 vendentibus
845 1825 1005 1865 emere,
1031 1809 1116 1855 hoc
1134 1822 1216 1867 est,
1238 1815 1293 1860 ab
1315 1818 1428 1866 adu-

56 1879 261 1926 lantibus.
312 1880 564 1925 Adulatores
605 1896 793 1942 namque
837 1879 1007 1925 laudem
1052 1898 1171 1927 suam
1218 1893 1425 1950 tanquam

55 1949 196 1995 oleum
223 1949 447 1996 venditant
470 1949 624 1995 stultis.
663 1951 720 1994 De
740 1949 824 1994 hoc
854 1949 946 1995 oleo
969 1950 1132 1996 dicitur
1152 1952 1194 1997 in
1221 1955 1422 2006 Psalmo:

56 2042 75 2061 «
100 2020 362 2066 Emendabit
392 2038 459 2066 me
486 2025 627 2080 justus
654 2021 700 2065 in
734 2020 1052 2074 misericordia!
1084 2033 1124 2066 et
1150 2038 1296 2084 arguet
1319 2047 1419 2077 me:

56 2114 75 2133 ›,
99 2090 241 2135 oleum
255 2102 396 2136 autem
412 2091 652 2154 peccatoris
668 2107 750 2135 non
765 2090 1199 2155 impinguabitmput
1213 2100 1424 2148 meum4.»

56 2162 356 2222 Elegitajusto
380 2161 709 2206 misericorditer
730 2161 1006 2222 reprehendi.
1031 2172 1070 2206 ct
1089 2164 1422 2225 quodammodo

54 2233 346 2295 colaphizari,
374 2224 503 2294 quam
527 2269 535 2282 ,
557 2242 602 2276 ut>
621 2232 656 2275 ei
674 2242 808 2293 caput
823 2232 864 2276 in
885 2232 1133 2295 superbiam
1155 2242 1414 2303 crescatffl),

54 2302 290 2365 peccatoris
315 2302 563 2347 adulatione
585 2301 769 2348 laudari.

115 2371 289 2417 LXXV.
332 2370 611 2416 irridentium
646 2372 811 2434 quippe
843 2372 1059 2434 responsio
1095 2374 1203 2420 mihi
1227 2377 1414 2439 videtur,

51 2459 149 2488 cum
169 2443 227 2487 eis
250 2459 271 2486 a
297 2442 561 2505 sapientibus
585 2442 825 2501 virginibus
844 2442 1005 2488 (licitur
1033 2460 1042 2488 z
1071 2465 1090 2485 (ε
1116 2445 1178 2490 Ite
1200 2449 1348 2509 potius
1362 2453 1419 2500 ad

101 2544 107 2562 ¹
142 2542 257 2582 liphvs.
294 2552 329 2571 1·.
365 2552 414 2573 zo.
443 2560 475 2563 -
503 2540 516 2561 '3
546 2539 648 2571 nauh
694 2552 764 2574 xxv.
789 2544 815 2572 3.
851 2560 878 2564 —
908 2539 920 2562 3
953 2519 1072 2580 2-(2'or.
1106 2552 1127 2587 ι,
1158 2556 1209 2577 12.
1234 2564 1278 2571 —
1302 2547 1314 2571 4
1339 2553 1422 2588 psal.

52 2609 110 2628 (XL
125 2621 130 2628 .
164 2609 177 2624 Ἰ

215 2666 377 2695 cxtvii.
1238 2658 1265 2702 5
