1799 3251
532 255 743 286 EPISTOLA
781 255 874 285 CXL.
1337 255 1394 298 ⁸27

30 323 292 369 surrectione
309 320 500 368 crederet
518 357 528 377 ,
553 319 674 384 quod
700 320 755 376 ii,
784 320 859 383 qui
886 318 1113 376 viderunt,
1136 319 1266 379 signis
1290 337 1400 365 con-

32 394 289 439 testantibus
307 391 659 456 praedicaverunt
675 429 686 448 ,
703 402 745 436 et
758 407 838 454 pro
854 408 900 436 ea
917 389 1228 454 praedicatione
1248 389 1401 435 similia

29 464 198 528 perpeti
222 480 309 508 non
329 462 658 509 dubitaverunt.

94 535 256 581 XXVI.
288 534 570 598 Quapropter
596 534 722 579 etiam
749 533 941 579 Jacobus
971 549 1082 578 unus
1111 549 1158 577 ex
1184 530 1403 594 Apostolis

30 608 120 665 ejus
137 642 148 660 ‚
179 604 224 650 in
250 604 442 667 Epistola
469 621 544 649 sua
561 641 571 660 ,
601 621 701 650 cum
727 604 974 650 hortaretur
997 603 1142 649 fideles
1163 640 1173 658 ,
1202 602 1277 665 qui
1301 611 1400 665 post

29 676 271 739 passionem
303 686 344 721 et
379 675 733 720 resurrectionem
759 674 925 721 Christi
954 674 1100 720 adhue
1131 674 1174 718 in
1208 673 1287 718 ista
1313 671 1402 717 vita

30 744 333 801 tenebantur1,
351 744 712 808 dispensationem
736 745 898 791 Veteris
923 743 1186 790 Testamenti
1203 742 1402 805 Novique

31 814 295 875 distinguens
319 833 329 860 :
352 836 371 857 (ι
389 814 697 861 Sustinentiam
714 852 724 870 ,
754 815 922 878 inquit,
948 815 1031 860 Job
1061 813 1260 868 audistis,
1283 823 1323 857 et
1347 812 1401 857 fi-

32 905 53 926 »
76 902 172 930 nem
206 884 384 930 Domini
409 884 604 931 vidistis2
625 903 635 930 ε
660 907 680 927 »
704 903 756 931 ne
780 884 877 930 ideo
907 886 1121 948 patienter
1146 883 1403 929 sustinerent

31 954 285 1018 temporalia
310 955 421 1000 mala
440 993 451 1011 ,
487 966 534 1000 ut
558 955 640 1001 sibi
675 956 761 1001 hoc
796 956 1092 1001 restitueretur
1125 953 1246 1018 quod
1277 970 1400 998 reee-

31 1024 143 1088 pisse
157 1024 336 1087 legimus
359 1025 459 1070 Job.
482 1026 591 1071 Nam
609 1036 650 1071 et
669 1025 809 1071 abillo
824 1025 1000 1071 vulnere
1023 1036 1149 1089 atque
1171 1022 1403 1088 putredine

31 1094 172 1140 salvus
194 1094 333 1140 factus
362 1105 449 1151 est,
483 1105 524 1140 et
549 1097 585 1140 ei
616 1106 800 1151 cuncta,
822 1112 923 1159 quae
952 1096 1173 1150 amiserat,
1206 1093 1403 1157 duplicia

32 1176 132 1211 sunt
154 1166 348 1211 restituta
375 1184 385 1211 :
414 1166 492 1212 ubi
515 1167 642 1212 etiam
674 1166 975 1213 commendata
999 1177 1060 1212 est
1085 1163 1404 1211 resurrectionis

32 1236 152 1283 fides.
184 1237 292 1281 Nam
327 1236 405 1282 filii
439 1254 525 1282 non
560 1237 710 1300 dupli,
740 1237 812 1283 sed
846 1237 1027 1282 totidem
1052 1236 1237 1292 redditi,
1271 1235 1400 1281 ctiam

31 1306 126 1352 illos
143 1324 251 1370 quos
271 1307 468 1353 amiserat
485 1318 796 1353 resurrecturos
815 1308 1141 1368 significarunt,
1171 1317 1219 1352 ut
1242 1306 1302 1351 sic
1318 1304 1403 1368 ipsi

32 1394 206 1441 quoque
223 1377 308 1423 illis
323 1378 701 1441 prioribusjuneti
733 1396 756 1423 a
782 1379 1052 1440 restitutione
1071 1378 1198 1441 dupli
1219 1394 1307 1423 non
1330 1377 1403 1421 in-

32 1449 281 1496 venirentur
314 1449 453 1496 alieni.
496 1450 555 1495 Ut
588 1467 688 1510 ergo
724 1467 813 1495 non
853 1450 981 1495 talem
1011 1449 1402 1495 remunerationem

32 1535 316 1582 speraremus,
337 1519 513 1587 quando
529 1520 639 1565 mala
656 1520 910 1583 temporalia
924 1531 1188 1583 pateremur,
1206 1536 1295 1564 non
1314 1518 1399 1564 ait:

34 1590 344 1636 Sustinentiam
366 1601 407 1635 et
424 1591 554 1636 finem
575 1591 662 1636 Job
683 1591 859 1637 audistis
878 1628 888 1646 ‚
917 1591 990 1637 sed
1016 1591 1075 1637 ait
1099 1608 1109 1635 :
1138 1612 1158 1633 (ι
1181 1590 1402 1636 Sustinen-

34 1681 55 1701 »
78 1660 182 1705 tiam
201 1660 283 1705 Job
295 1659 494 1715 audistis,
524 1671 565 1706 et
581 1662 709 1707 finem
737 1661 914 1707 Domini
930 1661 1123 1708 vidistis:
1149 1683 1168 1702 n
1193 1672 1402 1723 tanquam

34 1731 197 1776 diceret
222 1747 233 1774 ι
261 1730 379 1776 Mala
418 1731 671 1794 temporalia
703 1732 812 1778 sieut
849 1732 935 1777 Job
968 1732 1192 1788 sustinete,
1217 1730 1291 1776 sed
1322 1745 1403 1793 pro

34 1802 121 1847 hac
150 1801 401 1846 sustinentia
433 1818 519 1846 non
550 1803 804 1865 temporalia
827 1803 944 1847 bona
985 1813 1180 1865 sperate,
1208 1817 1307 1864 quae
1339 1799 1404 1845 illi

36 1882 161 1918 aucta
178 1870 418 1927 redierunt,
442 1872 512 1917 sed
529 1884 690 1918 aeterna
706 1873 848 1936 potius
863 1910 873 1928 ‚
898 1889 996 1935 quae
1017 1874 1061 1918 in
1076 1873 1266 1918 Domino
1290 1888 1405 1934 prae-

36 1952 266 1989 cesserunt.
299 1942 384 1987 Job
409 1958 508 2002 ergo
532 1942 585 1988 de
607 1942 691 1988 illis
720 1943 918 2006 patribus
943 1953 1058 1997 erat,
1094 1942 1167 2005 qui
1191 1940 1405 1987 exclama-

34 2023 211 2069 verunt,
240 2023 282 2058 et
307 2011 413 2058 salvi
439 2011 543 2058 facti
573 2024 687 2060 sunt.
725 2014 837 2059 Cum
864 2013 976 2058 enim
1002 2013 1111 2058 dicit
1133 2031 1143 2057 :
1167 2035 1185 2053 «
1206 2013 1296 2071 Ego
1323 2027 1404 2057 au-

35 2106 56 2127 »
82 2094 167 2129 tem
187 2120 198 2139 ,
228 2103 249 2124 ³>
273 2083 372 2128 satis
395 2083 584 2129 insinuat
604 2101 688 2147 qua
716 2084 852 2129 salute
874 2083 969 2129 illos
995 2083 1132 2129 salvos
1153 2099 1239 2128 esse
1269 2080 1405 2127 factos

35 2154 140 2202 velit
172 2153 378 2213 intelligi,
404 2153 449 2199 in
483 2171 569 2218 qua
603 2155 695 2219 ipse
728 2155 876 2218 utique
912 2154 1142 2200 derelictus
1180 2163 1242 2198 est
1275 2169 1285 2196 :
1320 2169 1407 2197 non

34 2224 155 2290 quod
183 2223 247 2272 illi
275 2241 299 2268 a
321 2223 455 2270 salute
480 2235 640 2270 eeterna
676 2225 836 2270 fuerint
867 2224 1020 2280 alieni,
1057 2223 1130 2268 sed
1163 2223 1207 2268 in
1232 2221 1408 2267 occulto

36 2307 142 2342 tunc
168 2306 257 2340 erat
279 2295 398 2359 quod
426 2296 470 2340 in
511 2296 686 2341 Christo
714 2296 856 2342 fuerat
875 2295 1169 2341 revelandum.
1196 2295 1248 2338 In
1268 2293 1411 2339 Veteri

36 2367 204 2431 quippe
234 2365 509 2411 Testamento
541 2366 736 2412 velamen
759 2377 847 2422 est,
877 2365 997 2429 quod
1032 2376 1136 2411 tunc
1173 2363 1406 2419 auferetur,

37 2454 138 2484 cum
160 2435 215 2481 ad
239 2435 463 2482 Christum
484 2437 668 2501 quisque
689 2437 791 2483 inde
816 2436 1046 2482 transierit.
1081 2435 1180 2492 Quo
1206 2434 1411 2479 crucifixo

37 2507 231 2555 velamen
245 2506 374 2551 etiam
392 2507 544 2571 templi
559 2508 738 2554 scissum
758 2518 819 2553 est
833 2508 868 2564 ³,
893 2517 940 2552 ut
959 2506 1274 2566 significaretur
1293 2503 1412 2568 quod

88 2590 97 2611 ¹
114 2589 223 2622 Jacob.
249 2599 280 2631 V,
300 2597 354 2622 11.
370 2606 415 2612 —
432 2587 537 2622 2Job.
554 2601 638 2631 xmr,
660 2601 710 2624 to.
731 2606 776 2613 —
790 2587 804 2612 ³
821 2587 937 2621 Matth.
955 2598 1056 2628 xxvu,
1078 2589 1133 2622 51.
