1799 3251
352 264 412 319 24
768 274 803 303 s.
851 271 1090 302 Accessum
1127 271 1331 302 13111500121

1781 0 1799 163 l

1785 124 1799 266 l

1794 211 1799 261 l

1796 307 1799 322 ι

352 342 615 390 Testamenti
639 341 726 402 jam
751 338 881 384 vitam
911 337 1217 400 concupiscere
1245 334 1565 399 sempiternam.
1597 333 1717 394 Quid
1790 302 1799 388 l

355 432 436 479 pro
464 429 619 473 magno
640 411 697 457 ita
716 425 792 454 vos
811 407 939 453 vultis
957 425 980 452 a
998 406 1184 452 Domino
1203 405 1255 451 de
1278 416 1414 451 morte
1433 405 1608 453 liberari
1624 444 1636 464 ,
1658 406 1720 453 si-
1793 401 1799 447 l

354 498 431 533 cut
470 483 641 530 liberati
682 490 780 526 sunt
819 489 962 541 patres
997 477 1148 532 vestri,
1187 475 1362 539 quando
1389 476 1723 524 commendabat

357 558 471 602 Deus
501 554 625 600 etiam
663 563 844 596 terrenae
873 547 1087 604 felicitatis
1110 556 1268 610 praeter
1298 564 1339 592 se
1364 564 1453 593 non
1482 565 1567 594 esse
1591 547 1722 594 alium

357 625 637 686 largitorem?
661 621 733 667 illa
754 619 933 665 felicitas
965 617 1018 663 ad
1042 627 1226 662 veterem
1258 616 1479 663 hominem
1511 618 1722 682 pertinet,

360 713 461 760 quae
477 704 661 742 vetustas
689 691 743 736 ab
774 689 914 735 Adam
933 688 1085 750 coepit.
1117 708 1137 728 α
1156 688 1247 747 Ego
1266 698 1406 734 autem
1429 705 1523 734 sum
1543 689 1724 745 vermis,

358 787 379 808 »
406 777 447 812 et
468 783 554 811 non
578 764 730 817 homo,
757 782 777 802 »
806 759 1022 814 Christus,
1054 775 1140 803 non
1175 756 1329 804 Adam.
1356 758 1394 804 A
1418 760 1552 806 veteri
1570 770 1732 806 veteres

360 836 499 883 fuistis
513 873 523 891 ,
545 853 567 880 a
584 850 695 879 novo
714 830 811 876 novi
833 840 963 875 estote
985 845 996 873 ε
1025 828 1079 873 ab
1106 827 1241 875 Adam
1262 828 1483 886 homines,
1511 848 1534 876 a
1555 830 1730 876 Christo

365 907 443 953 filii
465 905 707 951 hominum.
740 902 837 947 Non
856 900 968 944 enim
984 899 1072 944 sine
1092 915 1219 943 causa
1238 897 1564 945 familiarissime
1584 899 1734 946 Domi-

366 993 447 1023 nus
472 976 515 1021 in
538 972 771 1032 Evangelio
797 988 838 1016 se
855 970 994 1016 filium
1011 968 1200 1014 hominis
1221 968 1328 1014 dicit
1346 970 1480 1030 magis
1496 987 1627 1034 quam
1647 970 1734 1016 ho-

366 1044 575 1098 mine1n1,
607 1060 686 1088 nec
726 1042 813 1086 sine
852 1057 980 1086 causa
1018 1040 1062 1084 in
1097 1038 1180 1084 alio
1218 1038 1390 1084 Psalmo
1419 1057 1429 1084 :
1459 1041 1735 1097 «Homines,

369 1139 389 1159 »
413 1116 578 1179 inquit,
599 1125 641 1159 et
657 1118 855 1173 jumenta
881 1110 1018 1156 salvos
1038 1109 1168 1156 facies
1185 1147 1195 1165 ,
1225 1110 1432 1167 Domine,
1455 1111 1567 1157 sicut
1583 1111 1738 1157 multi-

370 1208 390 1229 »
416 1186 579 1249 plicata
607 1194 668 1229 est
699 1180 991 1227 misericordia
1029 1190 1126 1235 tua,
1162 1180 1322 1227 Deus2.
1353 1200 1372 1221 »
1402 1181 1489 1227 Abs
1512 1192 1553 1226 te
1573 1181 1739 1245 quippe

369 1258 496 1303 etiam
526 1256 604 1300 ista
633 1253 745 1299 salus
771 1251 1025 1297 hominibus
1049 1251 1346 1315 jumentisque
1366 1252 1622 1300 communis,
1654 1251 1739 1299 Sed

368 1326 536 1373 habent
567 1325 692 1370 aliam
714 1323 911 1368 homines
931 1322 1032 1366 novi
1057 1321 1282 1384 propriam
1298 1321 1532 1384 quamdam
1558 1333 1600 1368 et
1620 1340 1644 1368 a
1661 1326 1742 1383 ju-

374 1408 618 1444 mentorum
644 1394 859 1440 consortio
889 1403 1129 1455 separatam
1157 1409 1256 1455 quae
1277 1392 1332 1438 ad
1357 1393 1531 1440 Novum
1556 1393 1743 1457 pertinet

376 1470 712 1514 Testamentum.
743 1465 919 1510 Habent
946 1464 1123 1509 omnino
1151 1481 1161 1508 :
1183 1480 1286 1508 nam
1311 1462 1363 1509 de
1387 1463 1460 1510 illa
1487 1464 1650 1510 ibidem
1676 1481 1744 1510 se-

377 1538 526 1602 quitur
545 1547 584 1582 et
602 1536 708 1582 dicit
730 1553 739 1580 :
763 1556 782 1576 α
803 1534 898 1580 Filii
922 1544 1062 1579 autem
1083 1534 1316 1580 hominum
1340 1534 1422 1580 sub
1442 1535 1628 1594 tegmine
1650 1534 1743 1580 ala-

377 1630 398 1651 »
422 1626 519 1654 rum
553 1618 724 1653 tuarum
760 1605 1011 1668 sperabunt.
1056 1603 1400 1650 Inebriabuntur
1445 1604 1501 1650 ab
1547 1605 1745 1651 ubertate

378 1700 399 1721 >2
422 1678 577 1724 domus
613 1689 726 1731 tute,
760 1686 802 1720 et
840 1684 1026 1719 torrente
1059 1674 1293 1737 voluptatis
1329 1685 1416 1720 tuae
1446 1675 1620 1737 potabis
1655 1692 1741 1722 eos,

379 1771 401 1792 »
426 1748 644 1806 Quoniam
671 1745 788 1809 apud
813 1756 850 1790 te
873 1755 934 1790 cst
963 1745 1058 1790 fons
1080 1744 1204 1801 vitae,
1220 1755 1261 1790 et
1286 1745 1330 1791 in
1354 1745 1517 1791 lumine
1538 1756 1612 1792 tuo
1633 1745 1750 1792 vide-

382 1840 403 1861 »
431 1820 575 1865 bimus
607 1819 765 1864 lumen.
798 1838 818 1858 »
845 1816 970 1861 Certe
1003 1826 1044 1860 et
1074 1814 1150 1860 hic
1183 1832 1284 1861 cum
1319 1816 1516 1879 superius
1552 1815 1746 1873 dixisset,

387 1912 407 1932 «
433 1891 659 1942 Homines;
688 1911 707 1930 ›>
729 1886 942 1951 posterius
963 1885 1070 1931 dixit
1089 1903 1100 1930 ε
1129 1907 1148 1927 α
1168 1886 1267 1931 Filii
1287 1897 1429 1932 autem
1451 1887 1678 1932 hominum
1695 1924 1707 1944 ,
1729 1907 1750 1929 >³

387 1973 593 2024 tanquam
617 1960 882 2018 distinguens
919 1957 973 2002 ab
1002 1956 1256 2002 hominibus
1287 1956 1396 2003 filios
1427 1957 1675 2005 hominum.
1700 1957 1752 2002 In

387 2031 461 2077 illa
480 2031 643 2092 quippe
667 2029 868 2074 felicitate
888 2029 979 2087 ejus
1007 2026 1174 2084 salutis,
1195 2044 1295 2090 quae
1319 2028 1564 2073 communis
1586 2039 1648 2073 est
1667 2027 1754 2073 ho-

389 2101 578 2146 minibus
602 2110 641 2145 et
660 2098 890 2158 jumentis,
926 2114 973 2142 eo
1005 2097 1178 2142 nomine
1209 2097 1306 2143 illos
1338 2097 1554 2161 appellare
1583 2097 1750 2154 voluit,

388 2188 475 2235 quo
501 2171 894 2215 demonstrarentur
918 2168 971 2213 ad
995 2167 1117 2213 illum
1147 2168 1341 2231 primum
1368 2169 1590 2214 hominem
1620 2169 1755 2232 perti·

395 2259 493 2287 nere
510 2279 519 2297 ,
548 2257 634 2303 quo
658 2250 843 2285 vetustas
861 2239 998 2302 coepit
1021 2249 1061 2284 et
1083 2256 1220 2295 mors,
1248 2240 1323 2302 qui
1345 2239 1405 2285 sic
1427 2239 1510 2285 fuit
1527 2239 1686 2296 homo,
1708 2249 1758 2285 ut

389 2330 476 2358 non
511 2322 614 2357 esset
640 2310 751 2355 filius
786 2311 988 2356 hominis.
1023 2310 1119 2355 Istis
1143 2321 1282 2356 autem
1306 2311 1643 2373 posterioribus,
1677 2308 1758 2374 qui

395 2393 568 2445 sperant
595 2381 717 2425 aliam
749 2380 995 2425 felicitatem
1014 2417 1023 2434 ,
1051 2391 1091 2425 et
1115 2380 1244 2427 fontis
1272 2382 1373 2427 vitae
1393 2381 1653 2427 ineffabilem
1674 2397 1757 2427 vo-

391 2452 603 2515 luptatem
626 2487 635 2506 ‚
659 2461 701 2495 et
723 2450 970 2512 sempiterni
992 2450 1166 2496 luminis
1190 2451 1335 2497 lumen
1352 2488 1362 2507 ,
1383 2451 1469 2497 hoc
1496 2468 1654 2497 nomen
1669 2450 1756 2497 im-

393 2522 554 2586 posuit,
573 2536 659 2584 quo
676 2536 716 2564 se
728 2519 980 2565 familiarius
995 2520 1203 2583 appellari
1218 2521 1574 2568 voluitDominus
1587 2537 1755 2578 eorum,

443 2605 451 2626 ¹
478 2602 686 2640 Matili.xv11,
705 2612 735 2642 9.
751 2620 791 2625 —
811 2600 824 2622 2
843 2602 925 2633 Psal.
943 2612 1036 2640 xxxv,
1055 2614 1086 2642 ς.
