1799 3251
573 319 783 350 zmsrom.
819 319 980 350 ctxvn.
1377 304 1469 361 345

97 384 390 448 Hieronyme,
422 399 621 448 quaerens
645 383 700 430 de
731 384 873 430 anima
901 384 1111 442 humana,
1141 387 1174 432 si
1196 386 1474 432 nascentibus

99 454 277 516 singulis
297 470 422 500 novae
440 454 616 515 singulis
638 454 818 515 singulae
840 472 958 501 nunc
973 472 1107 520 usque
1124 457 1254 512 fiunt,
1278 456 1355 502 ubi
1373 472 1475 519 pec-

96 525 182 571 cati
201 525 425 570 vinculum
438 525 717 579 contrahant,
735 524 855 588 quod
871 542 948 587 per
973 525 1302 572 Sacramentum
1326 526 1475 585 gratiae

96 594 260 641 Christi
284 595 412 639 etiam
440 595 483 640 in
500 594 740 640 infantibus
759 605 950 640 recenter
970 596 1080 640 natis
1111 595 1365 642 solvendum
1386 612 1473 642 esse

96 682 184 711 non
204 664 459 710 dubitamus
477 701 487 719 ‚
511 682 612 710 cum
637 665 681 709 in
702 681 789 709 non
812 682 997 727 parvum
1020 665 1222 711 volumen
1259 665 1475 728 procede-

96 745 178 790 ret,
217 733 339 779 nolui
362 734 451 779 ulla
486 734 569 779 alia
598 751 774 780 onerare
798 734 1037 797 quaestione
1066 752 1076 779 τ
1104 734 1175 780 sed
1201 735 1321 798 quod
1359 747 1482 794 urget

97 804 238 850 acrius
257 803 396 849 multo
419 803 563 850 minus
595 814 655 849 est
680 804 1001 864 negligendum.
1027 804 1217 850 Proinde
1235 821 1381 868 quaeso
1398 841 1408 860 ,
1437 814 1478 850 et

96 891 175 938 per
191 875 328 920 Deum
346 874 525 920 obsecro
547 885 593 920 ut
610 891 796 937 exponas
818 874 946 930 mihi,
970 874 1091 938 quod
1117 874 1264 921 multis
1280 874 1474 920 existimo

94 943 395 1008 profuturum,
433 955 508 989 aut
527 944 559 989 si
576 948 666 1004 jam
688 944 754 990 vel
778 944 856 989 abs
887 954 942 999 te,
966 944 1033 989 vel
1061 945 1117 990 ab
1136 944 1219 990 alio
1242 944 1388 1008 aliquo
1406 961 1475 989 ex-

95 1014 289 1078 positum
316 1014 467 1069 habes,
495 1014 652 1073 dirigas
673 1014 816 1070 nobis,
845 1014 1069 1077 quomodo
1094 1015 1400 1078 accipiendum
1419 1014 1474 1059 sit

96 1083 219 1149 quod
254 1084 300 1129 in
326 1083 519 1147 Epistola
540 1084 697 1129 Jacobi
733 1084 917 1147 apostoli
958 1085 1170 1147 scriptum
1194 1096 1279 1137 est3
1320 1083 1474 1140 «Qui-

97 1176 118 1196 »
137 1171 324 1218 cumque
340 1155 453 1200 enim
488 1164 623 1199 totam
656 1155 812 1214 Legem
836 1156 1087 1211 servaverit,
1116 1154 1306 1200 offendat
1332 1164 1476 1199 autem

98 1246 119 1268 ))
139 1225 185 1270 in
200 1242 305 1281 uno,
323 1225 461 1271 factus
478 1235 540 1270 est
557 1224 751 1269 omnium
764 1241 860 1269 reus
874 1223 906 1271 1.
928 1245 947 1265 »
960 1225 1075 1281 Quae
1089 1242 1154 1270 res
1175 1225 1269 1270 talis
1287 1241 1335 1269 ac
1353 1233 1474 1268 tanta

96 1306 172 1353 est,
193 1306 242 1341 ut
271 1295 390 1359 quod
414 1295 520 1340 hinc
539 1294 619 1340 tibi
644 1311 732 1340 non
749 1298 841 1354 jam
861 1293 965 1340 olim
1000 1295 1170 1358 scripsi,
1195 1293 1386 1340 multum
1409 1309 1478 1338 me

96 1376 323 1429 poeniteat.

164 1436 223 1481 II.
249 1436 313 1481 De
327 1434 489 1495 agenda
512 1451 699 1499 namque
721 1434 924 1498 praesenti
955 1435 1061 1491 vita,
1082 1433 1303 1498 quomodo
1331 1432 1385 1479 ad
1404 1433 1476 1479 vi-

98 1517 187 1552 tam
228 1506 530 1569 perveniamus
573 1515 798 1557 aeternam,
824 1522 911 1550 non
949 1504 1004 1551 de
1026 1505 1246 1568 praeterita
1272 1520 1477 1567 perscru-

98 1576 248 1632 tanda,
269 1593 399 1640 quam
412 1577 584 1639 penitus
600 1575 994 1631 demersitoblivio‚
1019 1577 1132 1621 sicut
1150 1585 1211 1621 est
1228 1575 1339 1621 illud
1354 1572 1473 1637 quod

99 1646 153 1693 de
186 1647 329 1692 anima
361 1645 649 1709 quaerendum
694 1645 864 1708 putavi,
905 1645 1004 1691 haec
1052 1646 1236 1692 vertitur
1273 1644 1469 1708 quaestio.

100 1716 328 1776 Eleganter
348 1726 487 1761 autem
504 1716 669 1762 dictum
687 1732 772 1761 esse
796 1725 1014 1772 narratur,
1042 1715 1160 1779 quod
1176 1715 1282 1761 huic
1302 1713 1362 1759 rei
1378 1713 1478 1759 satis

102 1796 199 1850 apte
213 1786 428 1832 convenit.
455 1786 568 1831 Cum
591 1785 770 1850 quidam
787 1785 938 1831 ruisset
960 1785 1005 1831 in
1029 1798 1230 1849 puteum,
1256 1783 1334 1830 ubi
1362 1799 1476 1846 aqua

100 1867 222 1902 tanta
238 1866 346 1911 erat,
380 1867 429 1901 ut
454 1872 552 1902 eum
579 1857 714 1916 magis
735 1856 948 1918 exciperet
978 1873 1032 1900 ne
1054 1865 1311 1908 moreretur,
1343 1869 1475 1912 quam

101 1927 329 1972 suffocaret
346 1943 399 1971 ne
426 1926 699 1988 loqueretur3
725 1925 900 1971 accessit
925 1925 1049 1981 alius,
1078 1936 1119 1971 et
1143 1942 1192 1971 eo
1217 1924 1306 1970 viso
1330 1921 1476 1969 admi-

101 2013 199 2042 rans
232 1996 307 2052 ait,
332 1995 566 2053 Quomodo
599 1996 688 2041 huc
713 1995 939 2041 cecidisti‘.j
972 1997 1022 2041 At
1045 1995 1134 2051 ille,
1164 1995 1379 2049 Obsecro,
1403 1994 1477 2038 in-

99 2066 215 2130 quit,
233 2066 375 2126 cogita
396 2065 616 2129 quomodo
638 2066 743 2111 hinc
768 2083 834 2111 me
853 2066 1023 2121 liberes,
1039 2082 1127 2110 non
1148 2063 1370 2128 quomodo
1387 2062 1478 2108 huc

102 2135 350 2190 ceciderim,
370 2153 553 2199 quaeras,
587 2138 653 2181 Ita
678 2136 886 2198 quoniam
912 2136 1113 2190 fatemur,
1143 2134 1229 2180 fide
1257 2132 1478 2179 catholica

106 2217 312 2261 tenemus,
338 2205 391 2251 de
411 2217 530 2251 reatu
558 2207 739 2269 peccati,
759 2217 965 2269 tanquam
990 2206 1043 2251 de
1062 2215 1194 2267 puteo
1216 2205 1344 2250 etiam
1369 2219 1477 2266 par-

102 2276 195 2323 vuli
222 2275 397 2322 infantis
422 2277 609 2322 animam
622 2277 787 2323 Christi
812 2278 948 2336 gratia
974 2274 1274 2327 liberandam3
1298 2272 1397 2318 satis
1417 2282 1480 2316 est

102 2349 159 2402 ei,
187 2346 306 2411 quod
331 2346 507 2392 modum
535 2347 754 2410 quomodo
788 2347 905 2392 salva
945 2347 1036 2399 fiat,
1060 2345 1278 2400 novimus,
1307 2340 1476 2388 etiamsi

103 2435 329 2481 nunquam
348 2417 571 2480 quomodo
585 2418 803 2464 inmalum
830 2417 937 2463 illud
953 2415 1188 2469 devenerit,
1208 2413 1472 2460 noverimus,

106 2488 191 2534 Sed
210 2487 306 2533 ideo
330 2488 481 2551 putavi
494 2505 579 2534 esse
595 2488 898 2552 quaerendum,
923 2504 975 2532 ne
994 2486 1102 2531 forte
1126 2503 1172 2531 ex
1194 2485 1277 2530 illis
1295 2482 1474 2546 opinio-

105 2557 235 2603 nibus
255 2557 565 2604 incarnationis
602 2559 756 2605 animae
793 2558 980 2621 aliquam
1004 2566 1222 2602 teneamus
1242 2553 1475 2607 incautius,

160 2640 168 2662 Ι
189 2638 301 2673 Jacob,
319 2651 353 2673 n.
374 2650 422 2670 10.
