1799 3251
329 305 421 360 346
733 319 765 347 s.
810 316 1052 348 Aueus'rrm
1090 313 1288 345 Episcopi

324 390 424 447 quae
440 383 709 432 liberandam
731 398 906 446 prorsus
927 382 1113 428 animam
1130 377 1301 442 parvuli
1320 377 1605 433 contradicat,
1625 386 1701 426 ne-

325 471 428 514 gans
447 460 538 501 eam
563 471 648 500 esse
671 453 713 498 in
736 454 816 498 isto
834 451 961 499 malo.
985 452 1082 497 Hoc
1104 449 1236 509 igitur
1254 448 1496 495 firmissime
1513 457 1698 506 retento,

326 523 446 586 quod
472 524 615 569 anima
638 522 809 585 parvuli
837 522 890 567 de
912 529 1032 567 reatu
1073 517 1242 582 peccati
1268 518 1494 565 liberanda
1516 528 1596 575 est,
1619 536 1700 566 nec

327 593 410 641 alio
432 593 562 639 modo
585 592 829 647 liberanda,
858 591 939 638 nisi
964 590 1099 650 gratia
1124 588 1202 634 Dei
1220 606 1298 651 per
1315 588 1459 635 Jesum
1478 589 1702 636 Christum

327 663 564 709 Dominum
581 673 801 714 nostrum3
829 662 861 708 si
887 677 1117 724 possumus
1152 659 1281 705 etiam
1305 659 1439 721 ipsius
1466 659 1570 705 mali
1595 676 1704 706 cau·-

326 749 414 778 sam
442 744 484 778 et
509 733 714 792 originem
750 749 887 785 nosse,
925 730 1186 792 vaniloquis,
1211 746 1300 774 non
1335 728 1698 792 disputatoribus,

325 801 397 847 sed
435 801 726 861 litigatoribus
759 801 953 864 paratius
990 799 1331 860 instructiusque
1368 799 1616 845 resistimus.
1659 798 1706 846 Si

324 881 467 917 autem
489 888 574 916 non
601 887 844 934 possumus,
866 887 952 916 non
972 869 1074 932 quia
1095 868 1198 913 latet
1215 869 1398 913 miseriae
1412 868 1702 931 principium,

326 941 424 987 ideo
458 941 697 1003 pigrescere
744 938 1052 985 misericordiae
1083 937 1213 983 debet
1246 937 1454 986 officium.
1490 937 1707 984 Adversus

326 1027 396 1057 eos
420 1020 581 1058 autem.
604 1011 680 1073 qui
697 1010 781 1055 sibi
804 1010 1007 1055 videntur
1030 1009 1137 1053 seire
1153 1008 1270 1070 quod
1296 1007 1512 1062 nesciunt,
1537 1007 1623 1053 hoc
1640 1017 1708 1053 tu-

327 1080 455 1125 tiores
481 1096 646 1133 sumus‚
665 1079 783 1142 quod
809 1079 926 1125 hanc
951 1079 1238 1137 ignorantiam
1262 1087 1454 1122 nostram
1472 1094 1558 1122 non
1579 1076 1708 1135 igno-

327 1165 486 1196 ramus.
521 1149 650 1195 Aliud
672 1159 732 1193 est
755 1149 887 1202 enim,
911 1147 1029 1211 quod
1056 1148 1219 1192 nescire
1258 1146 1418 1193 malum
1451 1158 1533 1204 est;
1566 1144 1705 1203 aliud,

330 1217 448 1281 quod
473 1218 572 1263 seiri
599 1218 663 1263 vel
690 1235 776 1263 non
803 1228 944 1280 potest
962 1217 1027 1262 vel
1054 1234 1140 1261 non
1164 1233 1276 1279 opus
1300 1227 1379 1271 est,
1406 1216 1474 1261 vel
1495 1214 1549 1261 ad
1573 1215 1636 1261 vit
1663 1231 1708 1261 m

324 1304 456 1351 quam
479 1287 717 1350 quaerimus
745 1288 990 1332 indifferens
1007 1297 1083 1333 est.
1115 1286 1211 1331 Hoc
1226 1303 1326 1331 vero
1341 1285 1460 1348 quod
1479 1285 1534 1331 de
1552 1283 1710 1332 litteris

328 1357 514 1420 apostoli
537 1358 686 1402 Jacobi
717 1374 831 1402 nunc
854 1357 1045 1418 requiro,
1063 1356 1107 1400 in
1135 1355 1218 1400 hac
1250 1355 1360 1417 ipsa,
1390 1372 1477 1417 qua
1500 1354 1704 1411 vivimus,

327 1437 369 1472 et
408 1437 456 1471 ut
480 1443 647 1489 semper
684 1427 877 1472 vivamus
914 1427 1002 1470 Deo
1039 1426 1209 1488 placere
1247 1424 1468 1470 studemus
1486 1461 1496 1481 ‚
1538 1425 1706 1470 actione

329 1507 541 1542 versatur.

394 1567 477 1611 ΙΙΙ,
510 1565 745 1621 Quomodo
785 1566 917 1625 igitur
947 1564 1276 1623 intelligendum
1302 1574 1381 1619 est,
1423 1564 1605 1610 obsecro
1631 1575 1702 1612 te:

329 1657 348 1677 «
379 1637 658 1698 Quicumque
690 1646 822 1681 totam
856 1638 1010 1696 Legem
1035 1635 1302 1689 servaverit,
1337 1633 1527 1679 offendat
1565 1645 1708 1682 autem

339 1727 356 1748 ι)
376 1707 419 1751 in
442 1722 547 1760 uno„
576 1706 716 1751 faetus
750 1716 812 1751 est
835 1707 1028 1751 oninium
1046 1705 1171 1750 reusl
1194 1707 1212 1751 Ξ)
1233 1725 1255 1747 ›>
1279 1705 1428 1749 Ita-ne
1446 1705 1520 1767 qui
1544 1704 1709 1751 furtum

329 1775 496 1829 fecerit,
522 1776 610 1821 imo
631 1793 729 1821 vero
755 1777 830 1838 qui
852 1776 1004 1821 dixerit
1029 1776 1172 1829 diviti,
1194 1797 1212 1815 «
1236 1774 1451 1829 Sedehie,
1476 1795 1496 1816 »
1521 1776 1705 1839 pauperi

330 1857 472 1892 autem
496 1863 506 1889 ε
537 1867 556 1886 α
582 1847 650 1891 Tu
671 1857 732 1891 sta
762 1846 868 1899 illic,
887 1867 906 1887 »
934 1859 975 1891 et
1005 1845 1248 1899 homicidii,
1272 1856 1313 1890 et
1338 1844 1557 1898 adulterii,
1581 1856 1622 1892 et
1638 1863 1710 1893 sa-

329 1914 493 1973 crilegii
516 1930 611 1959 reus
630 1926 691 1959 est
711 1919 728 1959 Ξ)
757 1915 887 1971 Quod
909 1916 943 1960 si
972 1932 1057 1959 non
1091 1925 1168 1970 est,
1198 1914 1420 1977 quomodo
1437 1915 1512 1977 qui
1531 1931 1619 1959 uno
1637 1914 1709 1961 of-

325 1984 490 2036 fendat,
517 1983 657 2030 factus
682 1996 742 2029 est
767 1986 962 2030 omnium
998 1989 1125 2030 reus?
1162 1988 1228 2030 An
1254 1984 1364 2030 illud
1388 1983 1507 2047 quod
1528 1983 1637 2030 dixit
1655 1985 1709 2030 de

329 2055 464 2101 divite
484 2065 526 2099 et
543 2071 735 2117 paupere
761 2055 814 2100 ad
836 2056 914 2100 ista
936 2073 1022 2100 non
1052 2055 1256 2117 pertinet,
1282 2071 1468 2117 quorum
1491 2055 1523 2099 si
1546 2055 1642 2117 quis
1662 2054 1710 2101 in

333 2142 419 2170 uno
431 2125 672 2179 offenderit,
690 2127 761 2171 fiet
775 2126 969 2171 omnium
986 2143 1081 2171 reus
1097 2129 1115 2172 Ρ
1130 2125 1211 2171 Sed
1228 2124 1508 2170 recolendum
1521 2136 1583 2170 est
1600 2122 1714 2171 unde

329 2195 494 2240 venerit
527 2194 599 2239 illa
627 2196 854 2251 sententia,
884 2207 924 2241 et
943 2195 1176 2258 quaeillam
1198 2196 1420 2258 superiora
1439 2195 1705 2258 pepererint,

335 2264 583 2327 quibusque
601 2282 790 2311 connexa
811 2265 1066 2328 dependeat.
1097 2287 1116 2305 «
1139 2266 1307 2310 Fratres
1334 2265 1434 2318 mei,
1463 2264 1614 2320 nolite,
1637 2265 1710 2311 iu·-

334 2356 354 2377 »
374 2334 487 2397 quit.
524 2335 569 2379 in
594 2353 878 2397 personarum
920 2336 1173 2398 acceptione
1189 2335 1350 2380 habere
1374 2334 1505 2380 fidem
1530 2335 1710 2381 Domini

338 2426 355 2444 »
384 2404 518 2448 nostri
541 2407 637 2449 Jesu
664 2406 829 2451 Christi
853 2406 1014 2465 gloriae.
1049 2406 1216 2450 Etenim
1248 2405 1282 2450 si
1304 2404 1515 2450 introierit
1531 2404 1575 2450 in
1599 2421 1710 2451 con-

334 2496 354 2516 »
375 2484 549 2520 ventum
567 2486 756 2521 vestrum
777 2477 844 2523 vir
867 2475 1077 2522 annulum
1103 2493 1283 2522 aureum
1315 2476 1482 2521 habens
1514 2476 1559 2521 in
1596 2486 1710 2522 veste

325 2567 344 2588 ,ι
372 2541 575 2596 candida,
601 2544 815 2593 introierit
840 2556 984 2593 autem
1004 2558 1044 2591 et
1062 2562 1231 2609 pauper
1253 2545 1298 2592 in
1319 2544 1494 2592 sordido
1528 2544 1705 2599 habitu,

379 2623 525 2660 ¹Jac0b.
550 2637 596 2668 11,
621 2638 675 2659 10.
