1799 3251
550 279 759 312 EPISTOLA
795 282 981 313 chxxv.
1367 267 1459 324 453

87 365 235 396 eorum
261 346 456 394 officialis
483 346 734 392 anhelavit?
766 346 900 403 Quis,
939 346 1059 410 quod
1095 346 1156 393 illi
1190 346 1428 394 noluissent
1447 384 1459 404 ‚

88 430 260 465 exactor
293 418 457 477 exegit?
492 417 599 473 Quis
638 433 735 471 e05,
771 417 846 479 qui
880 434 1027 463 eorum
1062 417 1258 463 caedibus
1288 418 1464 464 extincti

89 499 189 535 sunt
205 527 215 545 ‚
242 488 466 533 vindicare
483 487 684 539 tentavit,
703 486 783 531 nisi
804 486 919 548 quod
942 487 1118 549 propria
1141 486 1193 531 de
1218 486 1298 532 illis
1310 503 1466 549 poenas

90 559 301 622 poscebat
324 557 486 602 insania
505 595 515 612 ,
539 574 637 602 cum
666 556 732 601 alii
760 556 1052 618 provocandis
1080 557 1122 602 in
1144 574 1184 602 se
1208 557 1358 617 gladiis
1377 557 1465 602 ho-

91 629 257 673 minum
281 665 290 681 ,
317 644 425 690 quos
454 638 499 672 ut
526 627 581 671 ab
614 626 673 671 eis
697 626 930 671 ferirentur
956 638 1091 672 morte
1121 628 1368 683 terrebant,
1397 627 1470 673 alii

91 716 170 762 per
195 698 309 743 Varia
333 697 577 760 praecipitia
596 734 606 752 ‚
629 696 699 741 alii
724 713 802 760 per
832 714 962 759 aquas
981 734 990 751 ,
1020 697 1090 742 alii
1117 716 1196 760 per
1215 699 1331 757 ignes
1355 715 1396 743 se
1424 698 1468 746 in

91 778 251 813 mortes
268 766 532 812 voluntarias
554 783 863 829 usquequaque
884 766 1141 821 mittebant,
1165 777 1206 811 et
1224 767 1386 813 animas
1403 766 1470 812 fe·-

92 837 202 884 rales
222 855 243 882 a
271 854 312 882 se
333 837 414 881 sibi
439 836 566 881 illatis
585 836 812 898 suppliciis
826 836 1143 898 projiciebant.3

159 907 275 952 XVI.
327 907 577 951 Horrebant
617 908 693 951 ista
736 906 915 968 plurimi
955 906 1000 951 in
1038 906 1130 970 ipsa
1171 907 1472 970 superstitione

94 977 300 1022 haeretica
321 977 567 1030 constituti,
585 986 625 1020 et
644 992 743 1020 cum
762 975 1024 1021 innocentiae
1043 993 1133 1021 suae
1150 977 1342 1022 sufficere
1360 977 1474 1023 arbi-

97 1057 329 1101 trarentur,
363 1046 483 1108 quod
516 1046 598 1090 sibi
640 1045 737 1090 talia
764 1045 1066 1108 displicerent,
1107 1046 1336 1093 dicebatur
1366 1047 1424 1093 eis
1451 1065 1474 1093 a

98 1116 340 1162 Catholicis
365 1134 375 1160 :
402 1116 445 1160 Si
472 1116 763 1161 innocentiam
792 1126 975 1161 vestram
1007 1117 1120 1162 mala
1145 1118 1223 1162 ista
1250 1135 1338 1163 non
1371 1117 1474 1181 pol-

96 1187 245 1241 luunt,
265 1185 486 1249 quomodo
509 1184 652 1230 dicitis
677 1186 827 1231 orbem
852 1186 1138 1232 christianum
1159 1187 1223 1233 vel
1246 1187 1383 1244 falsis,
1407 1187 1476 1233 vel

100 1267 212 1301 certe
237 1256 392 1315 ignotis
413 1255 638 1300 Caeciliani
656 1256 843 1319 peccatis
863 1273 948 1302 esse
967 1257 1221 1320 pollutum?
1243 1257 1480 1314 Quomodo

100 1342 173 1371 vos
205 1326 367 1370 nefario
397 1325 577 1379 scelere,
616 1326 670 1370 ab
705 1327 867 1371 unitate
906 1327 1149 1383 catholica,
1182 1339 1388 1391 tanquam
1423 1328 1477 1373 ab

102 1414 193 1442 area
221 1396 439 1441 dominica
465 1396 669 1457 separatis
687 1433 697 1451 ‚
721 1413 820 1459 quae
857 1413 990 1459 usque
1018 1397 1070 1442 ad
1101 1408 1272 1461 tempus
1292 1399 1479 1443 ventila-

105 1467 231 1512 tionis
256 1483 421 1511 necesse
446 1476 506 1510 est
533 1476 579 1510 ut
604 1466 769 1511 habeat
791 1477 832 1511 et
856 1467 1122 1512 frumentum
1148 1469 1191 1513 in
1227 1468 1384 1514 horreo
1410 1486 1480 1513 rc-

102 1535 378 1583 condendum
395 1573 405 1591 ,
430 1546 471 1581 et
490 1535 657 1599 paleam
674 1536 849 1596 ignibus
868 1538 1239 1584 consumendam?
1263 1541 1406 1602 Atque
1424 1540 1482 1584 ita

104 1605 369 1670 quibusdam
394 1606 506 1651 ratio
529 1606 812 1662 reddebatur,
845 1617 892 1652 ut
928 1607 1061 1671 aliqui
1085 1608 1138 1653 ad
1170 1611 1376 1654 unitatem
1414 1626 1484 1654 ca-

106 1677 315 1722 tholicam
341 1676 466 1721 etiam
506 1676 757 1722 inimicitias
789 1677 1064 1740 perditorum
1100 1680 1241 1742 parati
1278 1680 1485 1725 sustinere

108 1748 336 1793 transirent
359 1764 368 1790 :
396 1746 465 1791 sed
484 1745 631 1809 plures
647 1782 656 1802 ,
673 1748 931 1811 quamvisid
950 1748 1108 1794 vellent
1123 1786 1132 1796 .
1155 1767 1224 1794 eos
1244 1760 1386 1795 tamen
1407 1750 1487 1795 lio-

108 1818 269 1870 mines,
295 1817 456 1879 quibus
491 1827 610 1862 tanta
644 1817 788 1863 fuerat
811 1817 986 1864 licentia
1022 1820 1252 1875 saeviendi,
1286 1820 1486 1866 inimicos

108 1887 246 1933 facere
265 1903 351 1931 non
371 1886 606 1932 audebant.
633 1887 843 1933 Nonnulli
864 1889 1032 1952 quippe
1056 1889 1150 1935 illos
1168 1927 1179 1946 ,
1201 1907 1300 1937 cum
1328 1891 1381 1937 ad
1408 1909 1486 1938 nos

111 1958 382 2013 transissent,
411 1957 731 2004 crudelissimos
750 1960 864 2022 passi
890 1970 1004 2006 sunt.

176 2028 315 2075 XVII.
351 2027 525 2074 Accidit
548 2028 676 2074 etiam
703 2040 751 2074 ut
771 2032 891 2092 apud
917 2030 1226 2090 Carthaginem
1252 2034 1487 2094 quemdam

111 2099 346 2145 diaconum
370 2115 523 2154 suum,
551 2099 724 2144 nomine
757 2100 1066 2147 Maximianum
1086 2138 1097 2157 ‚
1134 2112 1284 2147 contra
1315 2106 1487 2167 episco-

113 2186 220 2232 pum
242 2184 369 2213 suum
392 2168 738 2231 superbientem,
758 2170 937 2232 quidam
965 2172 1272 2234 episcoporum
1297 2176 1488 2234 ejusdem

114 2239 248 2303 partis
282 2236 398 2283 facto
433 2238 686 2295 schismate,
719 2250 760 2285 et
791 2240 835 2284 in
871 2240 999 2302 plebe
1037 2241 1314 2302 Carthaginis
1352 2245 1488 2293 divisa

115 2319 237 2373 parte
273 2308 434 2353 Donati
459 2308 711 2355 ordinarent
740 2311 997 2374 episcopum
1022 2322 1174 2357 contra
1208 2315 1479 2379 episcopum.

117 2378 250 2436 Quod
274 2395 374 2424 cum
413 2395 560 2426 eorum
590 2380 794 2443 pluribus
822 2381 1096 2444 displiceret,
1126 2384 1327 2430 eumdem
1350 2388 1489 2434 Maxi-

117 2450 308 2495 mianum
335 2464 435 2494 cum
461 2449 553 2495 aliis
576 2451 808 2497 duodecim
827 2489 837 2508 ,
863 2452 937 2515 qui
962 2456 1051 2512 ejus
1082 2453 1344 2501 ordinationi
1368 2475 1487 2521 prae-

118 2530 254 2565 sentes
272 2520 479 2565 affuerant
495 2557 504 2577 ,
519 2520 849 2576 damnaverunt,
877 2523 1040 2568 caeteris
1062 2535 1203 2569 autem
1225 2524 1276 2569 ad
1297 2528 1489 2576 eamdem

119 2591 364 2638 societatem
390 2591 632 2641 schismatis
666 2593 1010 2659 pertinentihUS,
1041 2593 1109 2641 die
1139 2595 1397 2657 constituto,
1428 2602 1496 2649 fa-
