1799 3251
599 307 809 337 EPlS'l'OLA
848 309 941 338 (LEX.
1376 311 1459 358 291

95 375 129 421 si
141 385 203 421 est
224 373 356 430 ratio,
378 383 420 419 et
439 382 546 418 tunc
571 371 704 417 Filius
723 382 784 418 est
800 372 837 418 si
859 382 919 418 est
952 373 1106 421 Pater:
1133 384 1181 421 ut
1204 375 1236 420 si
1257 375 1369 421 ratio
1394 392 1469 421 au-

95 445 259 492 feratur
278 482 288 502 ,
317 444 430 490 sicut
451 442 619 488 dictum
642 452 723 499 est,
745 442 865 506 quod
890 442 980 488 dici
999 443 1061 490 fas
1085 461 1173 490 non
1197 455 1287 502 est,
1309 463 1362 491 ne
1380 446 1473 509 ipse

95 515 273 579 quidem
306 517 422 561 Deus
456 523 532 560 est.
571 513 655 558 Per
683 516 774 572 ejus
805 513 919 562 enim
947 514 1158 560 rationem
1192 525 1253 561 est
1287 527 1411 562 actus
1430 524 1472 561 et

96 586 290 650 operatio
310 596 359 631 ut
375 584 430 630 sit
451 584 578 630 Deus.
608 584 775 629 Rursus
792 583 940 629 eadem
955 584 1164 634 dicamus.
1194 585 1239 631 Si
1259 587 1370 632 ratio
1385 602 1474 631 non

97 655 183 702 fuit
200 692 212 712 ,
240 657 356 701 Deus
379 671 467 700 non
487 653 571 699 fuit
602 670 613 698 ε
643 663 685 699 et
705 653 739 699 si
770 653 885 699 Deus
907 671 994 699 non
1019 665 1080 700 est
1098 691 1109 711 ,
1133 656 1242 700 ratio
1265 673 1353 701 non
1369 654 1467 702 fuit.

98 726 229 772 Ratio
262 743 362 786 ergo
392 736 433 771 et
457 726 570 770 Deus
606 724 864 788 sempiterna
892 742 986 770 res:
1013 735 1055 770 et
1084 725 1198 771 Deus
1221 737 1263 771 et
1284 727 1392 772 ratio
1414 726 1475 771 si-

98 796 192 842 mili
216 796 349 843 modo
370 813 436 842 res
465 794 740 859 sempiterna.
773 795 995 841 connexio
1016 805 1158 841 autem
1185 807 1314 860 atque
1339 796 1479 842 unitio

98 866 279 912 rationis
302 865 355 912 ad
374 867 514 912 Deum
535 902 546 921 ‚
567 876 607 910 et
633 866 710 911 Dei
737 865 790 911 ad
816 865 1027 911 rationem
1046 902 1057 923 ,
1081 867 1223 912 Patris
1245 867 1300 912 ad
1322 866 1482 912 Filium

99 947 141 982 et
154 936 250 982 Filii
277 937 332 982 ad
356 935 780 999 Patren],principia
805 935 889 981 sibi
914 936 1243 999 quodammodo
1270 948 1311 983 et
1335 954 1484 983 causas

99 1005 303 1051 existendi
324 1015 534 1069 praestant
551 1005 675 1068 :quia
686 1005 865 1051 alterum
879 1006 967 1050 sine
980 1005 1113 1052 altero
1126 1023 1211 1053 esse
1221 1024 1308 1052 non
1319 1017 1474 1070 potest.

78 1134 87 1140 ι
100 1075 314 1122 Deficitur
334 1076 379 1121 in
391 1075 550 1132 verbis,
565 1085 605 1120 et
619 1075 929 1138 quodcumque
946 1075 1126 1133 dicitur,
1146 1077 1300 1123 adhoc
1316 1077 1480 1123 dicitur

99 1163 152 1192 ne
168 1146 356 1193 sileatur.
376 1146 535 1191 Utrum
559 1156 702 1191 autem
729 1163 902 1207 germen
920 1146 1096 1192 rationis
1111 1149 1248 1193 Deum
1264 1147 1479 1204 dicamus,

108 1233 163 1262 an
179 1216 259 1262 Dei
278 1233 450 1276 germen
475 1216 704 1271 rationem,
732 1216 833 1280 quia
851 1233 929 1261 nec
943 1215 1109 1262 fructus
1128 1218 1217 1263 sine
1232 1217 1377 1263 radice
1390 1235 1477 1263 esse

111 1297 280 1351 potest,
302 1304 381 1333 nec
407 1287 495 1332 sine
525 1286 673 1332 fructu
694 1287 812 1332 radix
835 1286 1001 1350 aliquid
1022 1290 1117 1333 est‘?
1141 1287 1410 1349 (similitudo
1434 1288 1488 1334 sit

114 1356 276 1411 ducta3
312 1367 360 1402 ut
381 1356 592 1420 quiddam
616 1356 912 1417 intelligentiae
938 1356 991 1402 de
1014 1358 1104 1403 Deo
1137 1358 1327 1418 signetur
1347 1393 1356 1410 ‚
1382 1358 1491 1406 vivit

105 1427 220 1472 enim
241 1437 281 1471 et
300 1427 345 1472 in
384 1443 518 1486 grano
539 1426 671 1472 tritici
688 1427 798 1472 ratio
816 1426 1079 1473 foecundans
1099 1464 1109 1483 ,
1135 1444 1220 1491 qua
1241 1428 1381 1474 sterile
1400 1446 1488 1475 non

104 1496 261 1545 sinitur
282 1514 368 1544 esse
395 1514 406 1542 t
444 1496 530 1542 Sed
553 1497 710 1547 iterum
740 1497 774 1543 si
806 1515 987 1557 granum
1014 1497 1147 1545 tritici
1171 1516 1259 1546 non
1283 1510 1390 1549 esset
1407 1537 1419 1559 ‚
1439 1516 1486 1551 ex

102 1584 186 1631 qua
206 1585 250 1614 re
277 1568 358 1613 ista
381 1567 665 1631 produceret,
688 1570 798 1615 ratio
818 1585 904 1619 non
925 1569 1127 1617 haberet.
1151 1569 1204 1632 )»

165 1638 241 1685 IV.
264 1639 375 1686 Cum
394 1637 528 1698 igitur
546 1639 657 1684 ratio
675 1655 775 1701 quae
793 1639 907 1684 Deus
927 1649 1005 1695 est,
1032 1650 1105 1685 aut
1122 1640 1322 1686 ostendat
1343 1641 1484 1686 Deum

102 1708 336 1765 rationem,
355 1720 428 1755 aut
444 1709 656 1755 rationem
681 1726 768 1755 esse
786 1709 928 1754 Deum
945 1747 955 1765 ‚
980 1726 1115 1756 unum
1138 1711 1330 1774 quodam
1354 1711 1484 1757 modo

104 1779 287 1825 alterum
303 1779 557 1833 ostendens;
585 1797 671 1825 non
694 1779 935 1826 ostenditur
954 1781 1087 1826 Pater
1104 1781 1183 1827 nisi
1205 1800 1286 1845 per
1303 1782 1477 1839 Filium,

101 1867 181 1897 nec
201 1850 332 1896 Filius
352 1851 594 1897 ostenditur
618 1853 697 1896 nisi
722 1869 800 1914 per
827 1855 1014 1905 Patrem3
1032 1863 1071 1897 et
1092 1863 1197 1899 tunc
1224 1854 1345 1917 quasi
1365 1854 1408 1899 in
1421 1854 1481 1899 si-

103 1920 234 1967 lentio
255 1922 310 1968 sit
327 1921 461 1968 Filius
478 1959 488 1979 ‚
519 1921 698 1986 quando
722 1939 798 1985 per
821 1925 992 1967 Patrem
1017 1924 1189 1969 venitur
1213 1924 1266 1970 ad
1293 1924 1449 1971 Filium
1468 1964 1479 1982 ,

103 2001 152 2038 ut
167 2008 303 2038 unum
322 1991 513 2056 quodam
528 1992 658 2038 modo
674 1993 986 2049 abscondatur,
1005 1994 1185 2040 alterum
1209 1994 1484 2043 demonstre-

104 2072 203 2108 tur:
227 2072 275 2108 ut
295 2062 596 2109 demonstrans
619 2080 661 2108 se
685 2080 814 2120 unm,
840 2063 1104 2110 demonstret
1121 2076 1161 2110 et
1183 2065 1379 2124 alterum,
1400 2084 1481 2113 nec

103 2133 239 2196 possit
263 2149 374 2179 unus
397 2133 523 2191 sciri,
554 2144 601 2180 ut
625 2134 755 2180 lateat
791 2134 924 2179 alter:
955 2135 1057 2198 quia
1082 2137 1212 2193 «Qui
1240 2154 1308 2183 me
1340 2137 1475 2194 vidit,

105 2224 127 2246 >2
149 2204 315 2266 inquit,
344 2203 457 2250 vidit
477 2215 517 2250 et
543 2206 743 2250 Patrem:
772 2216 840 2262 et,
882 2202 1008 2251 nenio
1045 2207 1161 2253 venit
1187 2208 1242 2253 ad
1271 2212 1443 2255 Patrem
1465 2246 1476 2267 ,

106 2273 225 2319 »nisi
257 2291 336 2337 per
370 2274 500 2320 me1:
530 2298 549 2317 ›>
568 2286 638 2332 et,
677 2276 857 2321 «Nemo
889 2276 1004 2321 venit
1037 2276 1091 2321 ad
1122 2295 1211 2334 me,
1242 2278 1324 2324 nisi
1349 2296 1478 2342 quem

105 2365 127 2387 »
150 2344 280 2389 Pater
316 2344 533 2390 attraxerit
545 2345 577 2391 2.
607 2366 627 2387 »
666 2345 861 2391 Arduum
896 2345 1260 2410 vehementerque
1303 2348 1478 2395 difficile

105 2414 326 2474 negotium
356 2413 586 2471 inivimus,
615 2426 660 2461 ut
685 2416 850 2479 aliquid
877 2415 929 2460 de
960 2416 1050 2460 Deo
1081 2434 1168 2462 non
1194 2418 1478 2479 intelligentes

104 2483 452 2544 intelligeremus
482 2486 646 2531 Tamen
665 2485 1037 2549 quemadmodum
1064 2488 1208 2537 onmia
1228 2506 1328 2552 quae
1354 2501 1472 2545 sunt,

108 2553 197 2606 sine
216 2554 406 2618 quadam
436 2557 578 2620 specie
596 2575 681 2604 non
704 2557 1006 2617 intelliguntur
1023 2594 1034 2615 ,
1055 2569 1096 2605 et
1117 2558 1477 2620 incognoscibilia

157 2637 167 2660 ¹
186 2640 284 2672 Joan.
304 2649 374 2681 xxv,
391 2650 411 2680 9
428 2643 460 2671 et
477 2640 511 2674 6.
531 2656 574 2665 —-
589 2638 741 2682 21d.v1,
761 2646 816 2677 44.

1277 2714 1344 2760 ¹9·
