1799 3251
387 295 440 326 10
796 296 829 326 S.
872 295 1114 327 AUGvsTlM
1149 293 1350 325 EPiSCOPI

383 359 631 423 temporalis
653 372 742 405 est:
768 360 822 405 ab
844 362 927 406 hac
940 361 1028 406 vita
1051 359 1244 422 incipere
1269 354 1528 402 necessitatis
1541 366 1618 410 est,
1639 354 1681 399 in
1697 370 1743 399 ca

380 429 602 491 persistere
620 429 868 476 voluntatis.
892 431 942 474 In
960 429 1043 475 liae
1064 429 1229 492 quippe
1240 444 1286 472 ex
1306 436 1426 472 utero
1446 425 1592 470 matris
1607 422 1745 469 infans

380 499 594 555 funditur,
611 500 688 559 huj
698 516 744 545 us
764 500 1012 545 offensiones
1030 508 1242 562 quantum
1263 507 1404 559 potest
1424 495 1593 554 refugit,
1614 493 1746 553 hujus

383 570 549 632 appetit
568 569 826 632 voluptates,
850 570 959 615 nihil
979 569 1164 632 amplius
1197 567 1320 612 valet.
1359 566 1442 611 Sed
1466 575 1744 628 posteaquam

384 639 545 683 venerit
567 639 609 684 in
630 650 815 692 aetatcm,
837 640 981 702 quain
1000 657 1049 684 eo
1069 637 1245 684 rationis
1263 653 1365 682 usus
1384 634 1567 695 evigilet,
1587 635 1746 697 poterit

387 708 531 767 adjuta
551 709 758 755 divinitus
774 711 991 755 voluntate
1010 709 1161 768 eligere
1181 707 1352 752 alteram
1376 706 1524 761 vitam,
1556 707 1624 765 cuj
1635 721 1681 749 us
1701 704 1746 748 iu

387 796 439 821 nn
455 789 523 822 nte
550 779 753 837 gaudium
773 791 850 833 est,
874 784 997 837 eujus
1019 780 1183 823 interna
1210 788 1337 840 atque
1361 787 1519 821 aeterna
1546 774 1740 819 felicitas.

386 849 497 892 Inest
510 850 674 912 quippe
686 849 853 895 homiui
865 850 1007 894 anima
1027 847 1261 903 rationalis,
1273 846 1345 892 sed
1359 847 1533 892 interest
1551 843 1743 903 ejusdem

383 918 557 962 rationis
578 934 657 963 usu
673 935 860 982 quonam
884 919 1027 982 potius
1047 917 1314 963 voluntatem
1335 925 1574 962 convertat.
1597 924 1744 959 utrum

384 987 435 1031 ad
452 988 566 1032 hona
591 989 804 1033 exterioris
817 1000 857 1034 et
879 987 1104 1044 inferioris,
1126 1005 1178 1032 an
1194 986 1248 1032 ad
1267 987 1381 1032 bona
1399 984 1748 1046 interiorissupe-

384 1057 591 1118 riorisque
608 1069 797 1112 naturae3
823 1058 865 1103 id
886 1069 948 1103 est
964 1068 1109 1103 utrum
1126 1067 1173 1102 ut
1190 1056 1362 1102 fruatur
1379 1072 1560 1118 corpore
1583 1066 1625 1098 et
1644 1064 1748 1097 tem·
1768 1100 1771 1101 ⁷

386 1142 503 1187 poro,
518 1143 570 1169 an
589 1126 818 1187 uissfruatur
834 1127 1060 1173 divinitate
1071 1138 1200 1189 atque
1221 1126 1482 1172 aeternitate'?
1496 1125 1545 1169 In
1558 1122 1747 1187 quadam

382 1195 547 1258 quippe
565 1195 791 1241 medietate
806 1197 945 1259 posita
962 1207 1039 1251 est,
1077 1195 1189 1241 infra
1222 1213 1263 1240 sc
1285 1195 1452 1240 habens
1469 1192 1746 1256 corporalem

383 1276 641 1321 creaturam,
668 1282 798 1329 supra
812 1284 853 1311 se
878 1277 1020 1312 autern
1040 1265 1105 1310 sui
1125 1276 1164 1310 ct
1184 1264 1380 1328 corporis
1409 1265 1676 1309 Creatorem.

449 1334 520 1379 IV.
552 1335 697 1380 Potest
720 1335 851 1394 igitur
882 1335 1021 1381 anima
1051 1334 1270 1380 rationalis
1294 1334 1421 1379 etiam
1454 1332 1677 1396 temporali
1709 1342 1750 1377 et

379 1404 595 1465 corporali
614 1403 814 1450 felicitate
837 1405 945 1450 bene
970 1404 1030 1450 uti
1047 1441 1057 1459 ,
1091 1404 1122 1449 si
1149 1421 1235 1448 non
1273 1421 1315 1449 se
1339 1403 1505 1448 dederit
1537 1412 1746 1448 ereaturae

383 1477 583 1519 (ireatore
605 1475 816 1534 neglecto,
841 1475 912 1520 sed
936 1492 1029 1520 eam
1055 1474 1201 1537 potius
1219 1473 1467 1519 felicitatem
1489 1472 1638 1518 fecerit
1655 1488 1745 1518 ser-

380 1543 467 1588 vire
486 1545 697 1600 Creatori,
718 1545 792 1608 qui
817 1556 857 1591 et
874 1546 1008 1608 ipsam
1028 1560 1117 1590 suae
1145 1543 1351 1589 bonitatis
1375 1541 1748 1588 abundantissima

383 1611 575 1672 largitate
600 1613 793 1665 donavit.
822 1616 945 1661 Sicut
961 1615 1074 1660 enim
1100 1614 1215 1659 bona
1234 1623 1334 1658 sunt
1355 1613 1499 1658 onmia
1518 1628 1618 1675 quae
1630 1628 1749 1657 crea-

384 1683 444 1727 vit
471 1684 606 1739 Deu5‚
641 1685 696 1729 ab
723 1686 814 1748 ipsa
839 1684 1035 1731 rationali
1072 1694 1268 1729 ereatura
1299 1699 1431 1746 usque
1471 1681 1524 1727 ad
1548 1681 1747 1727 infimum

387 1770 547 1816 corpus
566 1771 576 1798 :
604 1754 663 1800 ita
683 1755 792 1801 bene
818 1756 906 1816 agit
924 1756 969 1801 in
988 1755 1056 1800 his
1079 1754 1221 1799 anima
1239 1752 1477 1804 rationalis,
1498 1752 1531 1797 si
1554 1750 1750 1797 ordinem

383 1834 535 1879 servet,
559 1834 600 1868 et
624 1823 941 1885 distinguendo,
967 1823 1162 1884 eligendo
1178 1860 1188 1878 ‚
1221 1822 1451 1886 pendendo
1475 1820 1636 1868 subdat
1663 1819 1749 1866 mi-

380 1912 482 1939 nora
507 1895 761 1955 majoribus,
790 1895 1033 1960 corporalia
1068 1894 1355 1958 spiritalibus,
1394 1893 1595 1938 inferiora
1617 1909 1749 1955 supe-

383 1965 586 2019 rioribus,
604 1966 857 2030 temporalia
875 1966 1162 2029 sempiternis,
1187 1982 1240 2010 ne
1262 1964 1531 2028 superiorum
1554 1963 1750 2023 neglectu

381 2045 421 2079 et
445 2036 641 2097 appetitu
669 2035 917 2081 inferiorum
958 2035 1191 2097 (quoniam
1215 2033 1323 2079 hine
1352 2034 1400 2078 fit
1422 2034 1516 2096 ipsa
1542 2032 1749 2091 deterior)
1788 2084 1799 2093 s

379 2115 418 2147 et
443 2121 484 2148 se
498 2114 539 2148 et
559 2121 716 2166 corpus
736 2122 859 2150 suum
891 2105 1032 2149 mittat
1048 2105 1092 2149 in
1124 2107 1263 2166 pejus,
1292 2103 1363 2148 sed
1384 2103 1528 2166 potius
1552 2102 1750 2147 ordinata

381 2173 591 2218 charitate
627 2191 668 2218 se
689 2185 729 2219 et
753 2192 912 2235 corpus
947 2191 1073 2219 Suum
1110 2183 1335 2219 convertat
1367 2173 1412 2219 in
1439 2172 1603 2219 melius,
1637 2175 1749 2219 Cum

381 2243 493 2287 enim
516 2243 600 2288 sint
624 2260 769 2289 omnes
803 2243 1056 2289 substantiae
1094 2243 1346 2288 naturaliter
1369 2243 1499 2287 bonae
1516 2278 1526 2292 ,
1554 2241 1661 2287 ordo
1704 2242 1749 2287 in

383 2313 439 2357 eis
461 2312 660 2358 laudatus
696 2313 954 2368 honoratur,
990 2314 1247 2376 perversitas
1283 2312 1459 2376 culpata
1497 2312 1742 2358 damnatur.

381 2383 471 2428 Nee
494 2382 624 2428 efficit
647 2383 788 2430 anima
818 2400 1012 2448 perverse
1035 2393 1156 2429 utens
1187 2383 1410 2437 creaturis,
1435 2393 1482 2428 ut
1505 2381 1750 2428 ordinatio-

380 2473 476 2501 nem
499 2456 927 2515 effugiatCreatori53
947 2455 1153 2520 quoniam
1175 2456 1208 2501 si
1235 2455 1306 2501 illa
1324 2455 1433 2501 male
1452 2455 1589 2501 utitur
1601 2453 1746 2510 bonis,

378 2526 447 2571 ille
469 2527 575 2571 bene
611 2526 745 2572 utitur
767 2527 893 2573 etiam
921 2525 1066 2571 malis:
1095 2543 1142 2571 ac
1161 2543 1238 2588 per
1254 2527 1338 2571 hoc
1355 2526 1427 2571 illa
1446 2542 1642 2593 perverse
1661 2525 1746 2570 bo·-

383 2595 445 2645 uis
463 2594 622 2642 utendo
646 2596 694 2642 fit
714 2596 843 2653 mala,
874 2596 943 2643 ille
961 2594 1156 2643 ordinate
1170 2596 1295 2643 etiam
1321 2595 1441 2642 malis
1460 2594 1622 2641 utendo
1645 2611 1749 2659 per-
