1799 3251
309 259 393 304 188
706 272 740 301 s,
784 271 1028 302 auecs'sl-Ni
1063 272 1264 303 Et’tSCOPt

302 338 502 383 affectans
524 336 832 383 humilitatem.
864 337 959 383 Hoc
977 337 1088 383 enini
1117 338 1276 384 talibus
1295 339 1673 385 observationibus

302 408 458 468 agitur,
491 418 539 453 ut
566 424 640 453 cor
662 407 851 452 hominis
880 407 998 453 velut
1020 408 1226 468 religione
1251 409 1418 455 humile
1440 409 1666 455 reddatur.

300 476 482 523 Addidit
518 487 660 522 autem
697 487 738 522 et
776 477 1042 523 «Culturam
1082 478 1413 538 Angelorum,›>
1452 480 1518 524 vel
1559 480 1671 525 sicut

296 548 425 593 vestri
462 547 633 593 codices
668 547 859 599 habent,
899 549 1205 608 «Religionem
1251 549 1513 608 Angelorum
1535 587 1544 603 ‚
1571 567 1672 613 quae

299 634 436 676 graece
457 620 639 680 Θρῃσκεία.
659 617 837 663 dicitur.
872 618 1049 677 Angelos
1068 619 1213 664 votens
1231 619 1411 677 intelligi
1436 619 1671 682 Principa—

301 697 368 732 tus
385 723 395 742 9
421 704 528 750 quos
551 687 856 732 elementorum
885 688 1034 732 mundi
1068 689 1195 747 liujus
1221 689 1477 751 praepositos
1497 726 1506 744 ‚
1535 689 1579 733 in
1608 690 1671 734 liis

299 757 673 802 observationibus
690 757 892 803 colendos
916 775 1001 802 esse
1025 759 1305 804 arbitrantur.

363 828 569 873 XXYIH.
600 828 736 872 Nemo
760 845 860 887 crgo
883 844 953 872 vos
970 865 979 874 .
1010 827 1174 890 iuquit.
1202 829 1430 873 convincat
1453 846 1552 874 cuni
1579 829 1671 874 sitis

298 913 455 959 corpus
492 897 651 942 Christi
671 934 680 944 .
721 898 864 942 volens
895 897 1030 942 videri
1068 897 1246 942 liuniilis
1273 898 1403 942 corde
1428 899 1468 942 in
1500 899 1671 944 cultura

298 966 586 1026 Angelorum.
629 990 646 1006 «
673 968 781 1023 Qua&
826 985 911 1013 non
945 968 1055 1013 iidit
1099 968 1380 1014 inculcans.»
1418 969 1489 1013 Vel
1512 1006 1521 1019 ,
1559 970 1670 1014 sicut

297 1037 475 1099 quidam
514 1037 684 1083 codices
720 1037 911 1087 liabent.
936 1059 954 1078 «
979 1038 1089 1094 Quae
1126 1037 1236 1083 vidit
1269 1038 1507 1083 inculcans.
1537 1062 1555 1079 »
1583 1041 1670 1084 Aut

294 1108 407 1152 enim
443 1107 502 1152 sic
538 1108 681 1153 dicere
722 1107 860 1152 voluit
889 1126 898 1151 ε
926 1129 943 1147 α
966 1108 1077 1163 Quae
1103 1125 1188 1152 non
1211 1107 1321 1153 vidit
1355 1108 1580 1153 inculcans
1609 1127 1619 1152 ε
1650 1131 1668 1150 »

295 1178 395 1239 quia
431 1177 625 1223 homines
654 1177 730 1222 ista
766 1178 1088 1240 suspicionibus
1112 1189 1152 1222 et
1185 1178 1468 1240 opinionibus
1504 1190 1664 1237 agunt.

296 1265 383 1292 non
404 1248 521 1310 quod
548 1248 734 1293 viderint
758 1248 837 1293 ista
875 1265 960 1293 esse
984 1247 1193 1293 facienda.
1228 1252 1313 1293 Aut
1351 1258 1488 1301 certe.
1514 1269 1532 1288 c<
1556 1249 1668 1304 Quae

298 1340 316 1358 >›
340 1318 452 1364 vidit
471 1319 695 1364 inculcans
718 1337 728 1363 ι
757 1341 774 1359 »
795 1319 836 1363 id
859 1329 943 1374 est,
971 1336 1123 1378 magna
1143 1319 1385 1363 existimaus
1403 1355 1413 1369 ,
1438 1319 1541 1381 quia
1560 1319 1669 1364 vidit

295 1405 342 1433 ea
372 1389 637 1451 quibusdam
665 1390 772 1435 locis
796 1389 1013 1434 observari
1046 1389 1150 1433 alibi
1171 1389 1226 1433 al)
1248 1389 1500 1434 horninibus
1516 1427 1525 1441 ,
1552 1406 1668 1452 quc-

296 1475 391 1503 rum
411 1460 655 1504 auctoritati
677 1460 859 1505 haberet
880 1458 1008 1504 sidem
1029 1459 1155 1504 etiani
1179 1459 1342 1504 ratione
1357 1476 1441 1504 non
1462 1459 1629 1505 reddita
1652 1478 1663 1506 ε

291 1538 333 1572 ct
354 1528 450 1575 ideo
473 1529 556 1575 sibi
580 1547 760 1588 magnus
777 1529 964 1584 videtur,
989 1529 1088 1592 quia
1113 1530 1149 1574 ei
1175 1529 1357 1589 contigit
1373 1529 1665 1592 quorumdam

293 1617 512 1646 sacrorum
539 1601 685 1646 videre
715 1612 890 1647 secreta.
923 1601 1004 1646 Sed
1037 1601 1206 1664 plenior
1226 1618 1371 1646 sensus
1395 1612 1480 1656 est,
1511 1623 1529 1641 <‹
1554 1602 1667 1658 Quae

294 1693 311 1708 ν
340 1688 423 1715 non
444 1671 554 1716 vidit
574 1671 813 1726 inculcans,
831 1672 987 1717 frustra
1008 1671 1181 1717 inflatus
1198 1682 1336 1716 niente
1353 1672 1494 1717 carnis
1515 1689 1618 1718 suae.
1646 1694 1665 1712 υ

298 1740 555 1786 Mirabiliter
580 1741 755 1786 ibicum
778 1741 884 1787 dixit
907 1741 1103 1787 inflatum
1131 1752 1269 1786 mente
1289 1742 1429 1787 carnis
1452 1759 1561 1797 suae3
1587 1742 1665 1788 ubi

293 1809 624 1855 thelohumilem
660 1828 789 1874 supra
829 1812 1005 1857 dixerat.
1047 1814 1115 1858 Fit
1146 1812 1258 1857 enim
1296 1812 1412 1857 miris
1445 1812 1585 1858 modis
1620 1813 1664 1858 in

292 1879 432 1925 anima
473 1880 685 1936 hominis,
717 1893 765 1927 ut
803 1882 856 1928 de
893 1882 997 1927 falsa
1037 1882 1282 1928 humilitate
1310 1883 1441 1942 inagis
1466 1883 1659 1939 infletur,

290 1966 420 2012 quani
451 1951 482 1996 si
513 1953 702 2015 apertius
729 1953 986 2016 superbiret.
1028 1975 1046 1993 «
1078 1955 1129 1998 tit
1167 1970 1253 1997 non
1291 1964 1459 2006 tenens,
1493 1954 1659 2016 inquit,

289 2039 307 2059 ν
331 2031 495 2083 caput3
521 2043 539 2061 »
557 2022 678 2085 quod
703 2023 794 2068 rult
817 2023 1040 2069 Christum
1070 2022 1274 2082 intelligi3
1297 2044 1317 2064 c(
1338 2024 1393 2067 lix
1419 2040 1506 2086 quo
1535 2041 1661 2069 onine

289 2112 308 2130 ›>
332 2107 492 2153 corpus
522 2103 827 2155 compactum,
861 2104 902 2138 et
938 2110 1177 2140 connexum
1215 2093 1592 2138 subministratum
1618 2105 1660 2139 et

288 2182 307 2201 »
336 2161 590 2223 copulatum
611 2164 764 2208 crescit
784 2164 826 2209 in
852 2165 1165 2210 incrementum
1194 2163 1289 2208 liei.
1315 2164 1357 2208 Si
1379 2181 1477 2223 ergo
1501 2164 1661 2210 mortui

289 2232 426 2276 »estis
462 2249 562 2277 cum
603 2233 779 2278 Christo
816 2235 872 2279 ab
905 2234 1122 2279 elementis
1163 2233 1291 2293 liujus
1334 2233 1514 2287 mundi,
1552 2233 1659 2297 quid

285 2322 303 2340 >³
330 2301 474 2347 adhuc
495 2302 611 2348 velut
631 2303 818 2349 viventes
835 2303 888 2349 de
908 2304 993 2349 lioc
1012 2321 1049 2348 in
1060 2303 1176 2349 undo
1197 2303 1427 2349 decernitis
1442 2304 1454 2332 ¹
1471 2308 1488 2349 ἶ)
1510 2327 1528 2343 »

347 2374 511 2419 XXIX.
544 2374 621 2418 His
641 2374 768 2420 dictis
792 2376 940 2420 inserit
965 2376 1095 2420 verba
1120 2391 1296 2430 eorum,
1321 2375 1397 2438 qui
1419 2374 1659 2421 decernunt

283 2441 336 2487 de
359 2442 445 2487 hoc
473 2443 635 2488 mundo
653 2481 664 2499 ‚
695 2462 772 2507 per
806 2446 884 2491 lias
909 2446 1228 2491 observationes
1254 2446 1377 2507 quasi
1412 2445 1658 2490 rationabi-

280 2512 363 2569 les,
385 2514 581 2559 affectata
599 2515 786 2561 vanitate
807 2517 1068 2563 humilitatis
1088 2515 1226 2562 inflati
1251 2533 1261 2560 τ
1284 2538 1303 2556 α
1329 2517 1390 2561 Ne
1417 2515 1653 2576 tetigeritis,

327 2596 334 2617 ¹
353 2596 474 2627 uotoss.
493 2605 528 2632 ¹1,
552 2604 701 2638 19e120.
