1799 3251
555 288 763 320 Eris'rom
799 289 929 319 crvn.
1347 276 1436 321 253

70 367 168 410 tur3
192 377 212 398 «
234 355 371 401 Multo
399 354 532 414 magis
567 355 643 418 qui
677 354 991 400 abundantiam
1027 355 1176 414 gratiae
1198 364 1238 400 et
1261 355 1440 414 justitiae

70 447 91 470 »
118 425 367 489 accipiunt,
402 424 447 469 in
471 425 560 469 vita
593 424 836 483 regnabunt
864 441 941 487 per
965 441 1099 470 unum
1124 429 1267 470 Jesum
1290 424 1440 470 Chris·

70 518 91 540 »
114 508 209 543 tum
237 514 247 541 z
278 518 297 538 ›)
321 495 460 541 multo
491 495 624 554 magis
657 495 806 559 utique
834 496 879 540 in
906 495 993 541 vita
1026 496 1300 555 regnabunt,
1338 495 1440 558 quia

69 577 242 613 aeternae
261 566 362 613 vitae
378 582 556 625 regnum
571 565 675 618 erit,
699 582 813 610 mors
834 576 977 611 autem
999 566 1041 610 in
1067 566 1123 611 eis
1144 565 1441 630 temporaliter

70 636 249 688 transit,
295 652 383 680 non
417 637 459 680 in
493 645 703 680 aeternum
737 635 952 693 regnabit.
995 656 1015 676 «
1036 636 1188 698 Itaque
1225 636 1336 681 siout
1364 652 1443 698 per

69 727 91 749 »
113 707 242 752 unius
282 705 491 751 delictum
527 706 571 751 in
606 723 752 750 omnes
792 705 988 750 homines
1026 705 1079 751 ad
1111 705 1441 752 condemnatio-

69 796 90 818 »
112 775 258 828 nem1,
282 797 302 817 »
326 775 379 820 de
403 792 489 837 qua
513 775 872 821 condemnatione
891 775 1062 838 parvuli
1084 793 1161 838 per
1180 776 1437 821 Sacramen-

69 857 163 893 tum
188 846 398 910 baptismi
418 845 633 892 liberandi
649 858 748 892 sunt
770 864 780 891 ι
808 848 906 891 «Ita
926 864 1002 909 per
1022 847 1442 906 uniusjustificatio-

69 938 92 960 2>
113 917 281 962 nemin
315 933 460 961 omnes
495 916 693 962 homines
727 917 779 962 ad
814 917 1169 976 justificationem
1204 917 1318 963 vitae.
1344 938 1364 959 »
1387 918 1443 962 Et

68 987 144 1033 'nic
163 1008 183 1028 α
203 987 366 1033 Omnes
387 1007 406 1026 υ
431 986 558 1042 dixit,
579 997 619 1032 et
648 987 732 1043 ibi;
756 1004 842 1033 non
867 987 968 1050 quia
993 1004 1140 1033 omnes
1155 988 1355 1033 homines
1370 1004 1441 1033 ve-

69 1058 198 1103 niunt
227 1058 281 1103 ad
311 1057 490 1117 gratiam
508 1058 832 1117 justificationis
858 1058 1050 1115 Christi,
1077 1075 1177 1103 cum
1204 1069 1293 1103 tam
1317 1058 1445 1103 multi

71 1126 243 1173 alienati
269 1129 325 1172 ab
353 1127 425 1172 illa
444 1164 455 1182 ,
479 1127 523 1172 in
549 1138 760 1173 aeternum
785 1128 1027 1173 moriantur
1051 1146 1061 1172 ε
1085 1128 1155 1173 sed
1176 1128 1279 1191 quia
1297 1145 1444 1173 omnes

69 1199 144 1261 qui
164 1208 448 1243 renascuntur
461 1198 871 1258 injustificationem
888 1236 898 1251 ‚
926 1199 1099 1244 nonnisi
1119 1216 1197 1261 per
1215 1198 1442 1244 Christum

70 1279 355 1313 renascuntur
376 1286 385 1312 ε
413 1267 526 1313 sicut
544 1285 691 1314 omnes
710 1269 784 1331 qui
804 1280 1042 1314 naseuntur
1058 1270 1102 1313 in
1117 1268 1443 1313 condemnatio-

68 1354 164 1383 nem
183 1374 192 1392 ,
219 1338 387 1383 nonnisi
412 1354 489 1400 per
517 1338 653 1383 Adam
675 1349 929 1384 nascuntur.
959 1339 1095 1383 Nemo
1124 1339 1292 1401 quippe
1319 1340 1444 1383 estin

67 1407 140 1453 illa
156 1408 427 1467 generatione
446 1419 606 1470 praeter
628 1408 764 1454 Adam
783 1445 794 1462 ,
818 1425 945 1454 nemo
967 1407 1009 1453 in
1026 1408 1105 1453 ista
1125 1410 1443 1467 regeneratione

69 1488 228 1540 praeter
262 1477 487 1522 Christum
521 1495 530 1522 z
573 1477 675 1523 Ideo
710 1499 729 1518 «
755 1478 918 1523 Omnes
947 1487 986 1523 et
1019 1494 1194 1533 omnes,
1218 1498 1237 1518 »
1271 1477 1441 1522 eosdem

72 1558 212 1592 autem
239 1547 461 1603 «Omnes,
482 1569 500 1588 υ
524 1548 651 1592 etiam
677 1569 695 1589 «
716 1547 877 1593 Multos
896 1569 915 1589 >³
950 1558 1097 1610 postea
1117 1547 1250 1602 dicit,
1282 1547 1442 1607 adjun-

71 1633 171 1677 gens
193 1635 203 1662 :
229 1637 248 1658 c<
265 1617 389 1662 Sicut
406 1618 517 1662 enim
533 1635 611 1680 per
626 1617 965 1664 inobedientiam
980 1617 1108 1663 unius
1124 1617 1314 1662 hominis
1333 1635 1440 1680 pec-

71 1708 93 1729 »
117 1699 281 1732 catores
299 1688 521 1732 constituti
549 1699 650 1732 sunt
671 1688 797 1733 multi
821 1706 831 1733 :
853 1688 912 1733 sic
938 1698 980 1733 et
1004 1704 1082 1750 per
1101 1687 1228 1732 unius
1252 1687 1443 1733 hominis

73 1778 94 1798 »
120 1756 412 1802 obedientiam
428 1758 537 1802 Justi
555 1758 880 1803 constituuntur
895 1757 1018 1803 multi
1030 1757 1064 1803 2.
1080 1778 1100 1798 n
1118 1756 1207 1813 Qui
1224 1778 1244 1798 «
1260 1757 1406 1811 Multi,
1424 1778 1443 1798 υ

72 1827 151 1872 nisi
177 1843 285 1889 quos
303 1830 393 1885 jam
415 1826 546 1889 paulo
565 1837 661 1872 ante
685 1849 703 1867 a
729 1828 892 1872 Omnes
913 1848 932 1868 ›)
958 1827 1153 1872 dixerat?

141 1896 260 1942 XIV.
307 1896 414 1942 Vide
454 1896 825 1959 quemadmodum
859 1895 1138 1942 commendat
1173 1918 1193 1938 (ι
1214 1898 1363 1943 Unum
1403 1909 1444 1944 et

75 1987 96 2008 »
120 1983 255 2011 unum
277 2003 286 2019 ,
305 1966 388 2011 »id
410 1977 487 2021 est,
513 1967 651 2012 Adam
674 1978 714 2013 et
732 1967 956 2013 Christum
982 1985 992 2011 ε
1021 1967 1145 2012 illum
1170 1966 1222 2012 ad
1242 1967 1445 2012 condem-

75 2037 254 2092 tioncm,
279 2037 399 2082 hunc
424 2037 478 2083 ad
497 2039 877 2098 Justificatione1n‚
899 2055 999 2083 eum
1024 2049 1144 2083 tanto
1174 2048 1273 2100 post
1305 2039 1442 2084 Adam

76 2109 239 2153 venerit
269 2107 468 2153 Christus
503 2108 548 2153 in
583 2126 711 2154 carne
745 2127 753 2153 :
795 2120 842 2154 ut
876 2109 1062 2154 sciamus
1093 2108 1220 2153 etiam
1250 2109 1448 2171 antiquos

71 2181 232 2236 justos,
261 2177 529 2240 quicumque
557 2196 642 2223 esse
668 2189 926 2241 potuerunt,
957 2177 1129 2223 nonnisi
1153 2195 1231 2240 per
1253 2179 1448 2224 eamdem

76 2246 205 2292 fidem
228 2247 431 2293 liberatos
449 2285 459 2302 ‚
484 2266 561 2310 per
585 2266 715 2311 quam
737 2249 974 2294 liberamur
994 2259 1035 2294 et
1054 2265 1130 2293 nos
1149 2286 1159 2305 ,
1181 2248 1310 2294 fidem
1330 2249 1449 2294 scili-

77 2328 145 2363 cet
164 2318 476 2364 incarnationis
496 2319 680 2375 Christi,
694 2337 794 2383 quae
814 2320 897 2365 illis
918 2319 1316 2382 praenuntiabatur,
1339 2320 1450 2365 sicut

78 2388 205 2433 nobis
223 2387 339 2433 facta
357 2389 656 2436 annuntiatur.
696 2389 800 2435 Ideo
826 2390 939 2435 idem
974 2389 1198 2434 Christum
1230 2389 1448 2435 hominem

79 2456 216 2511 dicit,
247 2474 346 2504 cum
369 2457 423 2503 sit
449 2469 490 2503 et
515 2461 650 2509 Deus,
679 2477 730 2505 ne
749 2460 846 2522 quis
869 2458 1075 2504 existimet
1099 2458 1453 2521 antiquosjustos

79 2543 158 2591 per
183 2528 323 2573 Deum
353 2528 654 2574 tantummodo
681 2529 934 2583 Christum,
966 2527 1011 2573 id
1042 2538 1127 2585 est,
1155 2545 1233 2590 per
1257 2529 1447 2574 Verbum

129 2610 254 2644 ¹Rom.
270 2621 299 2649 v,
325 2611 375 2640 18.
397 2627 439 2632 —
458 2608 473 2632 ²
490 2610 574 2643 Ibid.
597 2622 648 2650 19.
