1799 3251
637 297 848 330 emmona
885 299 1029 330 ccxvi.
1420 284 1512 343 3123

141 364 378 428 prorsusiu
403 362 586 426 atraque
600 364 808 409 sententia
833 362 1066 409 difficultas
1079 374 1154 410 est.
1180 364 1246 411 llli
1264 364 1347 411 sibi
1367 365 1515 412 viden:—

139 446 211 480 tur
233 434 286 480 de
310 433 396 480 hae
412 433 584 480 facilius
597 434 708 478 exire
722 433 978 496 quaestione,
999 435 1075 497 qui
1096 434 1259 480 animas
1277 446 1517 482 asseverant

138 519 219 567 pro
244 504 405 549 meritis
427 504 530 551 vitae
550 504 705 567 prioris
727 503 918 563 singulas
942 503 1122 563 singulis
1145 505 1409 568 corporibus
1427 505 1515 551 im·-

137 573 306 637 plicari.
337 575 433 620 Hoc
456 574 570 619 enim
595 584 752 649 putant
788 574 943 619 essein
986 573 1125 619 Adam
1149 575 1275 630 mori,
1302 575 1347 620 in
1383 591 1515 621 carne

136 644 317 700 scilicet,
342 661 442 708 quae
472 645 712 708 propagata
730 654 790 689 est
809 661 856 689 ex
887 643 1043 695 Adam,
1067 645 1284 706 supplicia
1302 644 1508 708 pendere.

138 716 174 761 A
197 731 284 778 quo
314 726 454 771 reatu,
497 715 734 777 inquiunt,
762 714 900 774 gratia
941 714 1107 759 [bristi
1143 714 1302 759 liberat
1333 714 1515 777 pusillos

135 801 236 830 cum
262 785 440 845 magnis.
472 786 569 830 Hoc
595 785 769 848 quidem
803 795 934 838 recte,
958 784 1195 838 veraciter,
1230 785 1513 847 optimeque,

135 853 255 917 quod
280 856 416 914 gratia
447 854 610 900 Christi
639 855 794 900 liberat
818 872 842 900 a
866 865 989 899 reatu
1020 864 1312 916 peccatorum
1336 854 1519 917 pusillos

134 940 234 969 cum
255 925 435 984 maguis.
467 924 551 969 Sed
575 924 620 970 in
645 924 727 970 alia
762 925 985 987 superiore
1007 924 1097 968 vita
1119 940 1301 986 peccare
1334 923 1515 976 animas.

135 1005 178 1039 et
199 994 302 1040 inde
322 995 592 1058 praecipitari
621 995 664 1040 in
697 1011 890 1040 carceres
912 1011 1105 1050 carneos,
1138 1011 1223 1039 non
1257 993 1405 1049 credo,
1427 1011 1514 1040 non

135 1065 380 1128 acquiesco,
408 1082 495 1109 non
511 1065 731 1110 consentio
746 1064 778 1111 1.
811 1065 1025 1115 Primum,
1052 1064 1259 1127 quoniam
1281 1081 1358 1126 per
1373 1063 1517 1110 neseio

135 1146 243 1197 quos
269 1135 359 1180 fieri
382 1135 636 1180 circumitus
655 1134 696 1180 id
725 1135 846 1180 aiunt
875 1134 962 1190 isti,
994 1144 1042 1178 ut
1070 1144 1169 1196 post
1188 1134 1332 1179 nescio
1351 1144 1519 1196 quanta

133 1203 355 1249 volumina
383 1204 642 1249 saeculorum
663 1204 819 1249 iterum
837 1203 889 1249 ad
916 1204 1038 1249 istam
1061 1203 1274 1248 sarcinam
1294 1203 1515 1266 corrupti·-

133 1273 234 1319 hilis
261 1275 400 1320 carnis
431 1285 471 1319 et
497 1275 713 1337 supplicia
741 1274 973 1338 pendenda
1005 1273 1274 1320 redeundum
1309 1274 1376 1320 si't.
1418 1274 1517 1330 Qui

132 1343 339 1406 opinione
357 1344 465 1408 quid
486 1345 739 1390 horribilius
758 1344 938 1403 cogitari
973 1345 1125 1407 possit,
1152 1343 1317 1402 ignoro,
1349 1342 1516 1389 Deinde

132 1412 228 1475 quis
247 1413 419 1458 tandem
435 1417 579 1472 justus
599 1413 834 1459 defunctus
853 1425 933 1469 est,
954 1413 1008 1459 de
1024 1430 1113 1477 quo
1132 1429 1221 1458 uon
1245 1413 1304 1474 {si
1329 1413 1398 1459 isti
1415 1416 1514 1459 vera

133 1483 315 1545 dicunt)
338 1483 510 1528 solliciti
525 1501 610 1528 esse
630 1484 884 1530 debeamus.
908 1500 959 1528 ne
985 1483 1031 1528 in
1054 1484 1152 1528 sinu
1193 1483 1384 1528 Abrahae
1403 1500 1511 1545 pec-

132 1569 248 1606 cans,
270 1554 314 1598 in
335 1552 531 1598 flammas
553 1553 667 1599 illius
697 1553 842 1598 divitis
875 1553 1135 1611 dejiciatur?
1172 1553 1263 1597 Cur
1281 1552 1395 1598 enim
1419 1569 1507 1598 nou

130 1633 170 1667 et
188 1634 285 1685 post
308 1623 395 1668 hoc
418 1640 578 1686 corpus
596 1641 773 1686 peccare
794 1623 946 1686 possit,
965 1623 997 1668 si
1019 1634 1059 1668 et
1081 1634 1177 1668 ante
1197 1624 1371 1685 potuit?
1390 1623 1502 1667 Pos-

131 1702 286 1748 tremo,
310 1692 436 1752 louge
451 1693 568 1738 aliud
586 1704 645 1738 est
662 1694 706 1738 in
723 1693 860 1738 Adam
877 1709 1095 1755 peccasse,
1120 1692 1234 1738 unde
1250 1691 1357 1737 dicit
1371 1694 1512 1754 Apos-

131 1762 244 1807 tolus
271 1780 280 1806 :
321 1764 407 1807 «ln
432 1780 517 1825 qno
543 1780 688 1808 omnes
728 1773 1021 1825 peccaverunt
1042 1764 1093 1807 ⁴·':
1124 1784 1143 1802 ν)
1182 1773 1223 1806 et
1258 1761 1374 1806 ahud
1414 1771 1507 1815 est;

130 1843 246 1878 extra
270 1831 410 1877 Adam
434 1834 576 1877 nescio
601 1832 675 1877 ubi
699 1849 917 1895 peccasse3
944 1843 985 1876 et
1009 1831 1105 1876 ideo
1126 1832 1170 1876 in
1194 1831 1352 1886 Adam,
1370 1830 1413 1876 id
1429 1842 1508 1887 est,

129 1903 174 1947 in
199 1919 389 1957 carnem,
418 1919 517 1965 quae
542 1920 589 1948 ex
612 1902 748 1948 Adam
770 1913 1011 1965 propagata
1023 1913 1101 1956 cst,
1128 1902 1393 1964 tauquamin
1409 1919 1510 1947 car-

130 1990 269 2018 cerem
297 1972 426 2019 trudi.
457 1973 581 2018 Illam
606 1990 706 2018 vero
732 1973 981 2035 opinionem
1008 2010 1018 2028 ,
1047 1972 1167 2035 quod
1190 1990 1237 2017 ex
1280 1989 1364 2018 una
1403 1973 1511 2018 fiant

129 2059 277 2087 omnes
305 2042 479 2098 animae,
510 2060 588 2088 nec
606 2042 818 2088 discutere
843 2042 958 2095 volo,
982 2042 1061 2087 nisi
1087 2059 1251 2087 necesse
1276 2043 1358 2088 sit:
1381 2052 1509 2107 atque

129 2112 297 2158 utinam
327 2113 425 2167 ista,
455 2113 508 2158 de
534 2130 619 2176 qua
661 2130 778 2158 nunc
805 2114 985 2172 agimus,
1010 2113 1043 2157 si
1064 2130 1163 2158 vera
1185 2123 1263 2168 est,
1292 2112 1352 2158 sic
1372 2112 1508 2158 abste

129 2181 384 2227 defendatur
403 2193 449 2227 ut
467 2183 554 2228 hoc
575 2186 839 2242 necessejam
858 2200 946 2228 non
965 2184 1033 2229 sit.

193 2253 404 2299 XXVIII.
437 2254 646 2310 Quamvis
671 2266 810 2299 autem
833 2253 1068 2298 desiderem
1099 2270 1262 2313 rogem,
1302 2253 1416 2299 votis
1441 2271 1510 2300 ar-

128 2322 332 2368 dentibus
354 2334 552 2386 exoptem
570 2335 612 2369 et
634 2335 872 2387 expectem,
902 2335 948 2369 ut
977 2341 1053 2387 per
1092 2335 1132 2369 te
1161 2323 1270 2369 mihi
1295 2325 1506 2374 Dominus

129 2392 260 2451 hujus
297 2394 356 2438 rei
398 2392 562 2439 auferat
585 2394 873 2454 ignorantiam
902 2413 912 2438 ε
943 2406 1085 2439 tamen
1122 2394 1186 2449 si,
1226 2394 1346 2458 quod
1372 2395 1502 2450 absit,

128 2463 306 2509 minime
322 2478 516 2510 meruero
535 2480 546 2518 ς
568 2465 824 2528 patientiam
850 2464 959 2510 mihi
985 2475 1127 2527 petam
1156 2481 1179 2509 a
1206 2464 1394 2510 Domino
1416 2465 1507 2511 Deo

123 2544 274 2589 ‚nostro
298 2533 368 2578 :in
382 2550 509 2598 quem
527 2535 587 2580 sic
610 2534 844 2590 credimUS,
868 2544 916 2580 ut
937 2535 970 2580 si
991 2534 1135 2597 aliqua
1155 2534 1280 2581 nobis
1295 2551 1380 2580 non
1397 2552 1505 2599 ape-

180 2613 254 2646 ¹De
272 2615 368 2648 Civit.
383 2615 453 2654 Dei,
473 2616 528 2650 lib.
547 2628 599 2659 xx,
613 2627 683 2662 cap.
701 2619 756 2650 23.
778 2635 821 2643 —-
841 2614 856 2637 ‘²
873 2619 968 2650 Rom.
987 2627 1016 2654 v,
1037 2627 1086 2649 [a.
