<?xml version="1.0" encoding="UTF-8"?>
<!DOCTYPE html PUBLIC "-//W3C//DTD XHTML 1.0 Transitional//EN"
    "http://www.w3.org/TR/xhtml1/DTD/xhtml1-transitional.dtd">
<html xmlns="http://www.w3.org/1999/xhtml" xml:lang="en" lang="en">
 <head>
  <title>
</title>
<meta http-equiv="Content-Type" content="text/html;charset=utf-8" />
  <meta name='ocr-system' content='tesseract 3.04.00' />
  <meta name='ocr-capabilities' content='ocr_page ocr_carea ocr_par ocr_line ocrx_word'/>
</head>
<body>
  <div class='ocr_page' id='page_1' title='image "./operaomniaaccura40auguuoft/operaomniaaccura40auguuoft_0327.png"; bbox 0 0 1799 3251; ppageno 0'>
   <div class='ocr_carea' id='block_1_1' title="bbox 589 291 1479 355">
    <p class='ocr_par' dir='ltr' id='par_1_1' title="bbox 589 291 1479 355">
     <span class='ocr_line' id='line_1_1' title="bbox 589 291 1479 355; baseline 0.006 -22"><span class='ocrx_word' id='word_1_1' title='bbox 589 301 801 334; x_wconf 68' lang='lat' dir='ltr'>ams&#39;roizA</span> <span class='ocrx_word' id='word_1_2' title='bbox 836 303 979 336; x_wconf 65' lang='lat' dir='ltr'>cmxiv.</span> <span class='ocrx_word' id='word_1_3' title='bbox 1388 291 1479 355; x_wconf 87' lang='lat'>317</span> 
     </span>
    </p>
   </div>
   <div class='ocr_carea' id='block_1_2' title="bbox 75 367 1483 2675">
    <p class='ocr_par' dir='ltr' id='par_1_2' title="bbox 89 367 1483 1559">
     <span class='ocr_line' id='line_1_2' title="bbox 109 367 1483 434; baseline 0.002 -20"><span class='ocrx_word' id='word_1_4' title='bbox 109 368 252 414; x_wconf 88' lang='lat' dir='ltr'>anima</span> <span class='ocrx_word' id='word_1_5' title='bbox 280 367 474 424; x_wconf 81' lang='lat' dir='ltr'>Christi,</span> <span class='ocrx_word' id='word_1_6' title='bbox 507 367 713 431; x_wconf 90' lang='lat' dir='ltr'>quoniam</span> <span class='ocrx_word' id='word_1_7' title='bbox 738 368 911 415; x_wconf 90' lang='lat' dir='ltr'>nullum</span> <span class='ocrx_word' id='word_1_8' title='bbox 938 368 1099 414; x_wconf 85' lang='lat' dir='ltr'>habuit</span> <span class='ocrx_word' id='word_1_9' title='bbox 1122 368 1300 416; x_wconf 90' lang='lat' dir='ltr'>omnino</span> <span class='ocrx_word' id='word_1_10' title='bbox 1321 387 1483 434; x_wconf 85' lang='lat' dir='ltr'>pecca-</span> 
     </span>
     <span class='ocr_line' id='line_1_3' title="bbox 111 438 1481 504; baseline 0.003 -20"><span class='ocrx_word' id='word_1_11' title='bbox 111 449 200 485; x_wconf 88' lang='lat' dir='ltr'>tum</span> <span class='ocrx_word' id='word_1_12' title='bbox 216 477 226 496; x_wconf 88' lang='lat'><strong><em>‚</em></strong></span> <span class='ocrx_word' id='word_1_13' title='bbox 254 439 321 485; x_wconf 80' lang='lat' dir='ltr'>vel</span> <span class='ocrx_word' id='word_1_14' title='bbox 340 438 547 498; x_wconf 79' lang='lat' dir='ltr'>originale</span> <span class='ocrx_word' id='word_1_15' title='bbox 565 476 575 494; x_wconf 84' lang='lat'>‚</span> <span class='ocrx_word' id='word_1_16' title='bbox 599 438 667 485; x_wconf 77' lang='lat' dir='ltr'>vel</span> <span class='ocrx_word' id='word_1_17' title='bbox 689 440 921 502; x_wconf 88' lang='lat' dir='ltr'>proprium</span> <span class='ocrx_word' id='word_1_18' title='bbox 938 477 948 496; x_wconf 86' lang='lat'><strong><em>‚</em></strong></span> <span class='ocrx_word' id='word_1_19' title='bbox 974 451 1155 504; x_wconf 84' lang='lat' dir='ltr'>propter</span> <span class='ocrx_word' id='word_1_20' title='bbox 1173 441 1292 504; x_wconf 90' lang='lat' dir='ltr'>quod</span> <span class='ocrx_word' id='word_1_21' title='bbox 1311 442 1345 488; x_wconf 85' lang='lat' dir='ltr'>ei</span> <span class='ocrx_word' id='word_1_22' title='bbox 1364 459 1481 489; x_wconf 89' lang='lat' dir='ltr'>mors</span> 
     </span>
     <span class='ocr_line' id='line_1_4' title="bbox 107 509 1479 573; baseline 0.001 -18"><span class='ocrx_word' id='word_1_23' title='bbox 107 509 255 555; x_wconf 88' lang='lat' dir='ltr'>debita</span> <span class='ocrx_word' id='word_1_24' title='bbox 273 509 516 566; x_wconf 81' lang='lat' dir='ltr'>videretur;</span> <span class='ocrx_word' id='word_1_25' title='bbox 540 526 621 572; x_wconf 83' lang='lat' dir='ltr'>pro</span> <span class='ocrx_word' id='word_1_26' title='bbox 638 509 764 554; x_wconf 86' lang='lat' dir='ltr'>nobis</span> <span class='ocrx_word' id='word_1_27' title='bbox 780 526 872 555; x_wconf 86' lang='lat' dir='ltr'>eam</span> <span class='ocrx_word' id='word_1_28' title='bbox 891 510 1058 573; x_wconf 81' lang='lat' dir='ltr'><strong>quippe</strong></span> <span class='ocrx_word' id='word_1_29' title='bbox 1080 527 1212 573; x_wconf 88' lang='lat' dir='ltr'>quam</span> <span class='ocrx_word' id='word_1_30' title='bbox 1236 528 1321 557; x_wconf 90' lang='lat' dir='ltr'>non</span> <span class='ocrx_word' id='word_1_31' title='bbox 1341 511 1479 557; x_wconf 86' lang='lat' dir='ltr'>debe-</span> 
     </span>
     <span class='ocr_line' id='line_1_5' title="bbox 104 579 1477 646; baseline 0.001 -20"><span class='ocrx_word' id='word_1_32' title='bbox 104 579 181 626; x_wconf 87' lang='lat' dir='ltr'>bat</span> <span class='ocrx_word' id='word_1_33' title='bbox 204 579 386 635; x_wconf 84' lang='lat' dir='ltr'>exolvit,</span> <span class='ocrx_word' id='word_1_34' title='bbox 415 581 459 625; x_wconf 91' lang='lat' dir='ltr'>in</span> <span class='ocrx_word' id='word_1_35' title='bbox 486 597 572 643; x_wconf 86' lang='lat' dir='ltr'>quo</span> <span class='ocrx_word' id='word_1_36' title='bbox 592 581 795 643; x_wconf 85' lang='lat' dir='ltr'>princeps</span> <span class='ocrx_word' id='word_1_37' title='bbox 818 581 998 636; x_wconf 87' lang='lat' dir='ltr'>mundi,</span> <span class='ocrx_word' id='word_1_38' title='bbox 1028 582 1267 645; x_wconf 88' lang='lat' dir='ltr'>mortisque</span> <span class='ocrx_word' id='word_1_39' title='bbox 1293 600 1477 646; x_wconf 55' lang='lat' dir='ltr'>praepo-</span> 
     </span>
     <span class='ocr_line' id='line_1_6' title="bbox 103 649 1477 717; baseline 0.003 -22"><span class='ocrx_word' id='word_1_40' title='bbox 103 649 210 695; x_wconf 89' lang='lat' dir='ltr'>situs</span> <span class='ocrx_word' id='word_1_41' title='bbox 242 650 356 696; x_wconf 86' lang='lat' dir='ltr'>nihil</span> <span class='ocrx_word' id='word_1_42' title='bbox 379 651 544 696; x_wconf 82' lang='lat' dir='ltr'>invenit</span> <span class='ocrx_word' id='word_1_43' title='bbox 572 667 582 694; x_wconf 77' lang='lat' dir='ltr'>t</span> <span class='ocrx_word' id='word_1_44' title='bbox 616 667 754 712; x_wconf 90' lang='lat' dir='ltr'>neque</span> <span class='ocrx_word' id='word_1_45' title='bbox 787 651 902 696; x_wconf 85' lang='lat' dir='ltr'>enim</span> <span class='ocrx_word' id='word_1_46' title='bbox 935 651 1176 696; x_wconf 86' lang='lat' dir='ltr'>absurdum</span> <span class='ocrx_word' id='word_1_47' title='bbox 1208 664 1292 706; x_wconf 78' lang='lat' dir='ltr'>est,</span> <span class='ocrx_word' id='word_1_48' title='bbox 1332 653 1477 717; x_wconf 86' lang='lat' dir='ltr'>utqui</span> 
     </span>
     <span class='ocr_line' id='line_1_7' title="bbox 100 720 1475 783; baseline 0.002 -17"><span class='ocrx_word' id='word_1_49' title='bbox 100 721 244 783; x_wconf 88' lang='lat' dir='ltr'>primo</span> <span class='ocrx_word' id='word_1_50' title='bbox 262 720 432 766; x_wconf 89' lang='lat' dir='ltr'>homini</span> <span class='ocrx_word' id='word_1_51' title='bbox 457 721 644 766; x_wconf 85' lang='lat' dir='ltr'>animam</span> <span class='ocrx_word' id='word_1_52' title='bbox 672 721 858 778; x_wconf 75' lang='lat' dir='ltr'>creavit,</span> <span class='ocrx_word' id='word_1_53' title='bbox 885 732 1048 768; x_wconf 84' lang='lat' dir='ltr'>crearet</span> <span class='ocrx_word' id='word_1_54' title='bbox 1068 732 1112 767; x_wconf 85' lang='lat' dir='ltr'>et</span> <span class='ocrx_word' id='word_1_55' title='bbox 1133 722 1217 767; x_wconf 82' lang='lat' dir='ltr'>sibi</span> <span class='ocrx_word' id='word_1_56' title='bbox 1237 740 1250 768; x_wconf 68' lang='grc' dir='ltr'><strong>ε</strong></span> <span class='ocrx_word' id='word_1_57' title='bbox 1274 734 1348 768; x_wconf 88' lang='lat' dir='ltr'>aut</span> <span class='ocrx_word' id='word_1_58' title='bbox 1373 724 1406 768; x_wconf 87' lang='lat' dir='ltr'>si</span> <span class='ocrx_word' id='word_1_59' title='bbox 1434 734 1475 769; x_wconf 86' lang='lat' dir='ltr'>et</span> 
     </span>
     <span class='ocr_line' id='line_1_8' title="bbox 99 790 1471 854; baseline 0.002 -18"><span class='ocrx_word' id='word_1_60' title='bbox 99 791 192 854; x_wconf 85' lang='lat' dir='ltr'>ipsa</span> <span class='ocrx_word' id='word_1_61' title='bbox 227 791 328 836; x_wconf 89' lang='lat' dir='ltr'>inde</span> <span class='ocrx_word' id='word_1_62' title='bbox 347 801 433 848; x_wconf 85' lang='lat' dir='ltr'>est,</span> <span class='ocrx_word' id='word_1_63' title='bbox 464 808 557 836; x_wconf 83' lang='lat' dir='ltr'>eam</span> <span class='ocrx_word' id='word_1_64' title='bbox 581 790 857 854; x_wconf 84' lang='lat' dir='ltr'>suscipiendo</span> <span class='ocrx_word' id='word_1_65' title='bbox 882 791 1128 847; x_wconf 82' lang='lat' dir='ltr'>mundavit,</span> <span class='ocrx_word' id='word_1_66' title='bbox 1164 802 1211 837; x_wconf 89' lang='lat' dir='ltr'>ut</span> <span class='ocrx_word' id='word_1_67' title='bbox 1250 793 1340 839; x_wconf 87' lang='lat' dir='ltr'>sine</span> <span class='ocrx_word' id='word_1_68' title='bbox 1382 794 1471 839; x_wconf 91' lang='lat' dir='ltr'>ullo</span> 
     </span>
     <span class='ocr_line' id='line_1_9' title="bbox 98 861 1473 924; baseline 0.003 -19"><span class='ocrx_word' id='word_1_69' title='bbox 98 878 275 924; x_wconf 88' lang='lat' dir='ltr'>prorsus</span> <span class='ocrx_word' id='word_1_70' title='bbox 298 872 504 924; x_wconf 82' lang='lat' dir='ltr'>peccato,</span> <span class='ocrx_word' id='word_1_71' title='bbox 539 861 605 906; x_wconf 70' lang='lat' dir='ltr'>vel</span> <span class='ocrx_word' id='word_1_72' title='bbox 635 872 913 923; x_wconf 86' lang='lat' dir='ltr'>perpetrato,</span> <span class='ocrx_word' id='word_1_73' title='bbox 949 862 1017 908; x_wconf 89' lang='lat' dir='ltr'>vel</span> <span class='ocrx_word' id='word_1_74' title='bbox 1048 861 1276 918; x_wconf 84' lang='lat' dir='ltr'>traducto,</span> <span class='ocrx_word' id='word_1_75' title='bbox 1305 862 1360 908; x_wconf 81' lang='lat' dir='ltr'>ad</span> <span class='ocrx_word' id='word_1_76' title='bbox 1395 881 1473 910; x_wconf 86' lang='lat' dir='ltr'>nos</span> 
     </span>
     <span class='ocr_line' id='line_1_10' title="bbox 98 930 1471 992; baseline 0.001 -14"><span class='ocrx_word' id='word_1_77' title='bbox 98 932 269 978; x_wconf 88' lang='lat' dir='ltr'>veniens</span> <span class='ocrx_word' id='word_1_78' title='bbox 284 931 336 977; x_wconf 91' lang='lat' dir='ltr'>de</span> <span class='ocrx_word' id='word_1_79' title='bbox 350 932 514 992; x_wconf 83' lang='lat' dir='ltr'>virgine</span> <span class='ocrx_word' id='word_1_80' title='bbox 525 930 805 978; x_wconf 60' lang='lat' dir='ltr'>nascereturl.</span> <span class='ocrx_word' id='word_1_81' title='bbox 825 932 870 977; x_wconf 87' lang='lat' dir='ltr'>Si</span> <span class='ocrx_word' id='word_1_82' title='bbox 891 942 1035 977; x_wconf 85' lang='lat' dir='ltr'>autem</span> <span class='ocrx_word' id='word_1_83' title='bbox 1054 932 1211 978; x_wconf 82' lang='lat' dir='ltr'>animae</span> <span class='ocrx_word' id='word_1_84' title='bbox 1225 950 1311 978; x_wconf 89' lang='lat' dir='ltr'>nou</span> <span class='ocrx_word' id='word_1_85' title='bbox 1328 951 1376 979; x_wconf 85' lang='lat' dir='ltr'>ex</span> <span class='ocrx_word' id='word_1_86' title='bbox 1396 934 1471 980; x_wconf 83' lang='lat' dir='ltr'>illa</span> 
     </span>
     <span class='ocr_line' id='line_1_11' title="bbox 96 1002 1470 1066; baseline 0.002 -18"><span class='ocrx_word' id='word_1_87' title='bbox 96 1019 182 1049; x_wconf 86' lang='lat' dir='ltr'>una</span> <span class='ocrx_word' id='word_1_88' title='bbox 204 1014 521 1066; x_wconf 82' lang='lat' dir='ltr'>propagantur,</span> <span class='ocrx_word' id='word_1_89' title='bbox 550 1013 591 1048; x_wconf 88' lang='lat' dir='ltr'>et</span> <span class='ocrx_word' id='word_1_90' title='bbox 615 1002 704 1048; x_wconf 87' lang='lat' dir='ltr'>sola</span> <span class='ocrx_word' id='word_1_91' title='bbox 730 1020 777 1048; x_wconf 89' lang='lat' dir='ltr'>ex</span> <span class='ocrx_word' id='word_1_92' title='bbox 806 1002 945 1048; x_wconf 90' lang='lat' dir='ltr'>Adam</span> <span class='ocrx_word' id='word_1_93' title='bbox 979 1020 1080 1048; x_wconf 84' lang='lat' dir='ltr'>caro</span> <span class='ocrx_word' id='word_1_94' title='bbox 1101 1004 1236 1049; x_wconf 86' lang='lat' dir='ltr'>trahit</span> <span class='ocrx_word' id='word_1_95' title='bbox 1262 1005 1470 1064; x_wconf 82' lang='lat' dir='ltr'>originale</span> 
     </span>
     <span class='ocr_line' id='line_1_12' title="bbox 93 1073 1468 1137; baseline 0.001 -18"><span class='ocrx_word' id='word_1_96' title='bbox 93 1084 343 1137; x_wconf 85' lang='lat' dir='ltr'>peccatum,</span> <span class='ocrx_word' id='word_1_97' title='bbox 370 1074 429 1119; x_wconf 89' lang='lat' dir='ltr'>ita</span> <span class='ocrx_word' id='word_1_98' title='bbox 449 1073 531 1119; x_wconf 82' lang='lat' dir='ltr'>sibi</span> <span class='ocrx_word' id='word_1_99' title='bbox 554 1073 716 1120; x_wconf 79' lang='lat' dir='ltr'>creavit</span> <span class='ocrx_word' id='word_1_100' title='bbox 736 1074 924 1119; x_wconf 85' lang='lat' dir='ltr'>animam</span> <span class='ocrx_word' id='word_1_101' title='bbox 950 1074 1031 1119; x_wconf 89' lang='lat' dir='ltr'>Dei</span> <span class='ocrx_word' id='word_1_102' title='bbox 1063 1074 1213 1130; x_wconf 84' lang='lat' dir='ltr'>Filius,</span> <span class='ocrx_word' id='word_1_103' title='bbox 1232 1086 1280 1120; x_wconf 91' lang='lat' dir='ltr'>ut</span> <span class='ocrx_word' id='word_1_104' title='bbox 1303 1076 1468 1122; x_wconf 77' lang='lat' dir='ltr'>caetcris</span> 
     </span>
     <span class='ocr_line' id='line_1_13' title="bbox 94 1143 1467 1207; baseline 0.001 -18"><span class='ocrx_word' id='word_1_105' title='bbox 94 1155 213 1189; x_wconf 85' lang='lat' dir='ltr'>creat</span> <span class='ocrx_word' id='word_1_106' title='bbox 250 1161 384 1207; x_wconf 87' lang='lat' dir='ltr'>quam</span> <span class='ocrx_word' id='word_1_107' title='bbox 402 1161 490 1190; x_wconf 84' lang='lat' dir='ltr'>non</span> <span class='ocrx_word' id='word_1_108' title='bbox 509 1154 652 1189; x_wconf 87' lang='lat' dir='ltr'>tamen</span> <span class='ocrx_word' id='word_1_109' title='bbox 675 1143 797 1188; x_wconf 86' lang='lat' dir='ltr'>carni</span> <span class='ocrx_word' id='word_1_110' title='bbox 820 1144 989 1206; x_wconf 83' lang='lat' dir='ltr'>peccati</span> <span class='ocrx_word' id='word_1_111' title='bbox 1012 1143 1204 1199; x_wconf 79' lang='lat' dir='ltr'>miscuit,</span> <span class='ocrx_word' id='word_1_112' title='bbox 1219 1144 1292 1190; x_wconf 88' lang='lat' dir='ltr'>sed</span> <span class='ocrx_word' id='word_1_113' title='bbox 1312 1145 1467 1191; x_wconf 84' lang='lat' dir='ltr'>simili—</span> 
     </span>
     <span class='ocr_line' id='line_1_14' title="bbox 94 1213 1465 1277; baseline 0.001 -18"><span class='ocrx_word' id='word_1_114' title='bbox 94 1213 235 1260; x_wconf 88' lang='lat' dir='ltr'>tudini</span> <span class='ocrx_word' id='word_1_115' title='bbox 270 1214 411 1260; x_wconf 88' lang='lat' dir='ltr'>carnis</span> <span class='ocrx_word' id='word_1_116' title='bbox 434 1214 651 1277; x_wconf 80' lang='lat' dir='ltr'>peccati2.</span> <span class='ocrx_word' id='word_1_117' title='bbox 684 1214 880 1276; x_wconf 84' lang='lat' dir='ltr'>Sumpsit</span> <span class='ocrx_word' id='word_1_118' title='bbox 907 1213 1022 1258; x_wconf 89' lang='lat' dir='ltr'>enim</span> <span class='ocrx_word' id='word_1_119' title='bbox 1043 1230 1090 1258; x_wconf 77' lang='lat' dir='ltr'>ex</span> <span class='ocrx_word' id='word_1_120' title='bbox 1117 1213 1292 1273; x_wconf 82' lang='lat' dir='ltr'>Virgine</span> <span class='ocrx_word' id='word_1_121' title='bbox 1319 1231 1465 1261; x_wconf 85' lang='lat' dir='ltr'>veram</span> 
     </span>
     <span class='ocr_line' id='line_1_15' title="bbox 89 1284 1460 1348; baseline 0 -18"><span class='ocrx_word' id='word_1_122' title='bbox 89 1284 267 1348; x_wconf 90' lang='lat' dir='ltr'>quidem</span> <span class='ocrx_word' id='word_1_123' title='bbox 285 1285 428 1330; x_wconf 87' lang='lat' dir='ltr'>carnis</span> <span class='ocrx_word' id='word_1_124' title='bbox 460 1284 747 1329; x_wconf 78' lang='lat' dir='ltr'>substantiam</span> <span class='ocrx_word' id='word_1_125' title='bbox 763 1319 774 1337; x_wconf 88' lang='lat'>‚</span> <span class='ocrx_word' id='word_1_126' title='bbox 794 1301 883 1328; x_wconf 92' lang='lat' dir='ltr'>non</span> <span class='ocrx_word' id='word_1_127' title='bbox 904 1293 1048 1328; x_wconf 83' lang='lat' dir='ltr'>tamen</span> <span class='ocrx_word' id='word_1_128' title='bbox 1062 1284 1231 1346; x_wconf 87' lang='lat' dir='ltr'>peccati</span> <span class='ocrx_word' id='word_1_129' title='bbox 1250 1301 1423 1330; x_wconf 87' lang='lat' dir='ltr'>carnem</span> <span class='ocrx_word' id='word_1_130' title='bbox 1450 1305 1460 1339; x_wconf 83' lang='lat'><em>3</em></span> 
     </span>
     <span class='ocr_line' id='line_1_16' title="bbox 91 1354 1464 1418; baseline 0 -17"><span class='ocrx_word' id='word_1_131' title='bbox 91 1355 194 1418; x_wconf 89' lang='lat' dir='ltr'>quia</span> <span class='ocrx_word' id='word_1_132' title='bbox 211 1372 299 1400; x_wconf 88' lang='lat' dir='ltr'>non</span> <span class='ocrx_word' id='word_1_133' title='bbox 330 1372 377 1400; x_wconf 83' lang='lat' dir='ltr'>ex</span> <span class='ocrx_word' id='word_1_134' title='bbox 400 1355 567 1401; x_wconf 81' lang='lat' dir='ltr'>carnali</span> <span class='ocrx_word' id='word_1_135' title='bbox 588 1354 960 1417; x_wconf 81' lang='lat' dir='ltr'>concupiscentia,</span> <span class='ocrx_word' id='word_1_136' title='bbox 984 1354 1071 1399; x_wconf 83' lang='lat' dir='ltr'>sive</span> <span class='ocrx_word' id='word_1_137' title='bbox 1092 1354 1362 1410; x_wconf 80' lang='lat' dir='ltr'>seminatam,</span> <span class='ocrx_word' id='word_1_138' title='bbox 1377 1356 1464 1401; x_wconf 86' lang='lat' dir='ltr'>sive</span> 
     </span>
     <span class='ocr_line' id='line_1_17' title="bbox 89 1424 1459 1489; baseline -0.001 -17"><span class='ocrx_word' id='word_1_139' title='bbox 89 1436 370 1489; x_wconf 79' lang='lat' dir='ltr'>conceptam3</span> <span class='ocrx_word' id='word_1_140' title='bbox 404 1424 631 1470; x_wconf 83' lang='lat' dir='ltr'>mortalem</span> <span class='ocrx_word' id='word_1_141' title='bbox 657 1441 757 1470; x_wconf 80' lang='lat' dir='ltr'>sane</span> <span class='ocrx_word' id='word_1_142' title='bbox 775 1461 786 1481; x_wconf 84' lang='lat'>‚</span> <span class='ocrx_word' id='word_1_143' title='bbox 823 1441 873 1469; x_wconf 85' lang='lat' dir='ltr'>ac</span> <span class='ocrx_word' id='word_1_144' title='bbox 899 1440 977 1486; x_wconf 87' lang='lat' dir='ltr'>per</span> <span class='ocrx_word' id='word_1_145' title='bbox 999 1434 1144 1469; x_wconf 84' lang='lat' dir='ltr'>aetates</span> <span class='ocrx_word' id='word_1_146' title='bbox 1175 1425 1431 1471; x_wconf 84' lang='lat' dir='ltr'>mutabilem</span> <span class='ocrx_word' id='word_1_147' title='bbox 1448 1463 1459 1483; x_wconf 84' lang='lat'><strong><em>‚</em></strong></span> 
     </span>
     <span class='ocr_line' id='line_1_18' title="bbox 90 1493 1293 1559; baseline -0.002 -17"><span class='ocrx_word' id='word_1_148' title='bbox 90 1507 298 1559; x_wconf 81' lang='lat' dir='ltr'>tanquam</span> <span class='ocrx_word' id='word_1_149' title='bbox 331 1495 454 1541; x_wconf 87' lang='lat' dir='ltr'>carni</span> <span class='ocrx_word' id='word_1_150' title='bbox 480 1495 651 1558; x_wconf 84' lang='lat' dir='ltr'>peccati</span> <span class='ocrx_word' id='word_1_151' title='bbox 683 1494 773 1539; x_wconf 89' lang='lat' dir='ltr'>sine</span> <span class='ocrx_word' id='word_1_152' title='bbox 806 1503 988 1557; x_wconf 85' lang='lat' dir='ltr'>peccato</span> <span class='ocrx_word' id='word_1_153' title='bbox 1015 1493 1293 1541; x_wconf 87' lang='lat' dir='ltr'>simillimam.</span> 
     </span>
    </p>

    <p class='ocr_par' dir='ltr' id='par_1_3' title="bbox 75 1562 1464 2614">
     <span class='ocr_line' id='line_1_19' title="bbox 151 1562 1464 1629; baseline -0.001 -17"><span class='ocrx_word' id='word_1_154' title='bbox 151 1568 250 1614; x_wconf 88' lang='lat' dir='ltr'>XX.</span> <span class='ocrx_word' id='word_1_155' title='bbox 287 1568 351 1612; x_wconf 88' lang='lat' dir='ltr'>Ac</span> <span class='ocrx_word' id='word_1_156' title='bbox 380 1582 458 1629; x_wconf 88' lang='lat' dir='ltr'>per</span> <span class='ocrx_word' id='word_1_157' title='bbox 493 1565 579 1610; x_wconf 90' lang='lat' dir='ltr'>hoc</span> <span class='ocrx_word' id='word_1_158' title='bbox 612 1580 902 1627; x_wconf 63' lang='lat' dir='ltr'>quaecumque</span> <span class='ocrx_word' id='word_1_159' title='bbox 937 1562 992 1608; x_wconf 84' lang='lat' dir='ltr'>de</span> <span class='ocrx_word' id='word_1_160' title='bbox 1020 1563 1161 1608; x_wconf 83' lang='lat' dir='ltr'>anima</span> <span class='ocrx_word' id='word_1_161' title='bbox 1185 1563 1335 1626; x_wconf 88' lang='lat' dir='ltr'>opinio</span> <span class='ocrx_word' id='word_1_162' title='bbox 1361 1579 1464 1611; x_wconf 82' lang='lat' dir='ltr'>vera</span> 
     </span>
     <span class='ocr_line' id='line_1_20' title="bbox 87 1633 1464 1701; baseline -0.001 -19"><span class='ocrx_word' id='word_1_163' title='bbox 87 1636 164 1693; x_wconf 74' lang='lat' dir='ltr'>sit,</span> <span class='ocrx_word' id='word_1_164' title='bbox 198 1653 383 1701; x_wconf 86' lang='lat' dir='ltr'>quarum</span> <span class='ocrx_word' id='word_1_165' title='bbox 407 1635 573 1681; x_wconf 76' lang='lat' dir='ltr'>nullam</span> <span class='ocrx_word' id='word_1_166' title='bbox 604 1645 762 1680; x_wconf 83' lang='lat' dir='ltr'>temere</span> <span class='ocrx_word' id='word_1_167' title='bbox 783 1633 997 1679; x_wconf 78' lang='lat' dir='ltr'>affirmare</span> <span class='ocrx_word' id='word_1_168' title='bbox 1017 1633 1166 1678; x_wconf 83' lang='lat' dir='ltr'>adhuc</span> <span class='ocrx_word' id='word_1_169' title='bbox 1188 1633 1325 1679; x_wconf 83' lang='lat' dir='ltr'>audeo</span> <span class='ocrx_word' id='word_1_170' title='bbox 1343 1671 1354 1690; x_wconf 85' lang='lat'><strong><em>,</em></strong></span> <span class='ocrx_word' id='word_1_171' title='bbox 1382 1635 1464 1680; x_wconf 88' lang='lat' dir='ltr'>nisi</span> 
     </span>
     <span class='ocr_line' id='line_1_21' title="bbox 86 1702 1462 1768; baseline -0.002 -16"><span class='ocrx_word' id='word_1_172' title='bbox 86 1717 256 1753; x_wconf 84' lang='lat' dir='ltr'>tantum</span> <span class='ocrx_word' id='word_1_173' title='bbox 285 1706 405 1752; x_wconf 87' lang='lat' dir='ltr'>illam</span> <span class='ocrx_word' id='word_1_174' title='bbox 425 1705 680 1768; x_wconf 84' lang='lat' dir='ltr'>repudiare,</span> <span class='ocrx_word' id='word_1_175' title='bbox 713 1721 799 1766; x_wconf 84' lang='lat' dir='ltr'>qua</span> <span class='ocrx_word' id='word_1_176' title='bbox 819 1703 1060 1748; x_wconf 87' lang='lat' dir='ltr'>creduntur</span> <span class='ocrx_word' id='word_1_177' title='bbox 1082 1702 1238 1748; x_wconf 83' lang='lat' dir='ltr'>animae</span> <span class='ocrx_word' id='word_1_178' title='bbox 1265 1720 1348 1765; x_wconf 91' lang='lat' dir='ltr'>pro</span> <span class='ocrx_word' id='word_1_179' title='bbox 1366 1721 1462 1749; x_wconf 90' lang='lat' dir='ltr'>me-</span> 
     </span>
     <span class='ocr_line' id='line_1_22' title="bbox 84 1774 1461 1838; baseline -0.001 -16"><span class='ocrx_word' id='word_1_180' title='bbox 84 1777 177 1822; x_wconf 84' lang='lat' dir='ltr'>ritis</span> <span class='ocrx_word' id='word_1_181' title='bbox 199 1777 342 1823; x_wconf 85' lang='lat' dir='ltr'>nescio</span> <span class='ocrx_word' id='word_1_182' title='bbox 366 1792 554 1838; x_wconf 85' lang='lat' dir='ltr'>quorum</span> <span class='ocrx_word' id='word_1_183' title='bbox 568 1775 842 1837; x_wconf 80' lang='lat' dir='ltr'>superiorum</span> <span class='ocrx_word' id='word_1_184' title='bbox 864 1784 1041 1818; x_wconf 85' lang='lat' dir='ltr'>actuum</span> <span class='ocrx_word' id='word_1_185' title='bbox 1067 1789 1263 1828; x_wconf 84' lang='lat' dir='ltr'>suorum,</span> <span class='ocrx_word' id='word_1_186' title='bbox 1279 1774 1461 1833; x_wconf 81' lang='lat' dir='ltr'>singulae</span> 
     </span>
     <span class='ocr_line' id='line_1_23' title="bbox 83 1842 1460 1908; baseline -0.002 -16"><span class='ocrx_word' id='word_1_187' title='bbox 83 1846 129 1892; x_wconf 91' lang='lat' dir='ltr'>in</span> <span class='ocrx_word' id='word_1_188' title='bbox 160 1846 328 1906; x_wconf 79' lang='lat' dir='ltr'>singula</span> <span class='ocrx_word' id='word_1_189' title='bbox 361 1862 545 1908; x_wconf 86' lang='lat' dir='ltr'>corpora</span> <span class='ocrx_word' id='word_1_190' title='bbox 590 1855 796 1907; x_wconf 83' lang='lat' dir='ltr'>tanquam</span> <span class='ocrx_word' id='word_1_191' title='bbox 836 1844 882 1888; x_wconf 89' lang='lat' dir='ltr'>in</span> <span class='ocrx_word' id='word_1_192' title='bbox 917 1859 1107 1888; x_wconf 81' lang='lat' dir='ltr'>carceres</span> <span class='ocrx_word' id='word_1_193' title='bbox 1149 1842 1300 1897; x_wconf 79' lang='lat' dir='ltr'>trudi3</span> <span class='ocrx_word' id='word_1_194' title='bbox 1344 1855 1460 1889; x_wconf 90' lang='lat' dir='ltr'>certe</span> 
     </span>
     <span class='ocr_line' id='line_1_24' title="bbox 84 1912 1459 1962; baseline -0.002 0"><span class='ocrx_word' id='word_1_195' title='bbox 84 1917 226 1962; x_wconf 86' lang='lat' dir='ltr'>anima</span> <span class='ocrx_word' id='word_1_196' title='bbox 248 1916 415 1962; x_wconf 83' lang='lat' dir='ltr'>Christi</span> <span class='ocrx_word' id='word_1_197' title='bbox 444 1933 533 1961; x_wconf 89' lang='lat' dir='ltr'>non</span> <span class='ocrx_word' id='word_1_198' title='bbox 561 1915 701 1961; x_wconf 84' lang='lat' dir='ltr'>solum</span> <span class='ocrx_word' id='word_1_199' title='bbox 727 1913 983 1959; x_wconf 87' lang='lat' dir='ltr'>immortalis</span> <span class='ocrx_word' id='word_1_200' title='bbox 1008 1912 1249 1958; x_wconf 87' lang='lat' dir='ltr'>secundum</span> <span class='ocrx_word' id='word_1_201' title='bbox 1275 1924 1459 1959; x_wconf 72' lang='lat' dir='ltr'>caetera-</span> 
     </span>
     <span class='ocr_line' id='line_1_25' title="bbox 81 1984 1456 2046; baseline -0.002 -13"><span class='ocrx_word' id='word_1_202' title='bbox 81 2004 177 2034; x_wconf 86' lang='lat' dir='ltr'>rum</span> <span class='ocrx_word' id='word_1_203' title='bbox 211 1997 413 2033; x_wconf 86' lang='lat' dir='ltr'>naturam</span> <span class='ocrx_word' id='word_1_204' title='bbox 432 2023 444 2043; x_wconf 85' lang='lat'><strong><em>,</em></strong></span> <span class='ocrx_word' id='word_1_205' title='bbox 487 1985 556 2031; x_wconf 88' lang='lat' dir='ltr'>sed</span> <span class='ocrx_word' id='word_1_206' title='bbox 598 1985 726 2031; x_wconf 85' lang='lat' dir='ltr'>etiam</span> <span class='ocrx_word' id='word_1_207' title='bbox 763 1984 884 2029; x_wconf 87' lang='lat' dir='ltr'>nullo</span> <span class='ocrx_word' id='word_1_208' title='bbox 903 1984 1163 2029; x_wconf 84' lang='lat' dir='ltr'>mortificata</span> <span class='ocrx_word' id='word_1_209' title='bbox 1185 1994 1368 2046; x_wconf 86' lang='lat' dir='ltr'>peccato</span> <span class='ocrx_word' id='word_1_210' title='bbox 1389 1984 1456 2031; x_wconf 91' lang='lat' dir='ltr'>vel</span> 
     </span>
     <span class='ocr_line' id='line_1_26' title="bbox 81 2054 1459 2121; baseline -0.002 -16"><span class='ocrx_word' id='word_1_211' title='bbox 81 2059 359 2105; x_wconf 82' lang='lat' dir='ltr'>damnatione</span> <span class='ocrx_word' id='word_1_212' title='bbox 371 2057 527 2121; x_wconf 79' lang='lat' dir='ltr'>punita</span> <span class='ocrx_word' id='word_1_213' title='bbox 545 2067 623 2112; x_wconf 82' lang='lat' dir='ltr'>est,</span> <span class='ocrx_word' id='word_1_214' title='bbox 636 2056 797 2119; x_wconf 88' lang='lat' dir='ltr'>quibus</span> <span class='ocrx_word' id='word_1_215' title='bbox 815 2055 987 2101; x_wconf 83' lang='lat' dir='ltr'>duabus</span> <span class='ocrx_word' id='word_1_216' title='bbox 1009 2054 1148 2100; x_wconf 79' lang='lat' dir='ltr'>causis</span> <span class='ocrx_word' id='word_1_217' title='bbox 1167 2071 1283 2100; x_wconf 85' lang='lat' dir='ltr'>mors</span> <span class='ocrx_word' id='word_1_218' title='bbox 1302 2056 1459 2102; x_wconf 73' lang='lat' dir='ltr'>animae</span> 
     </span>
     <span class='ocr_line' id='line_1_27' title="bbox 79 2125 1460 2192; baseline -0.004 -17"><span class='ocrx_word' id='word_1_219' title='bbox 79 2129 263 2189; x_wconf 83' lang='lat' dir='ltr'>intelligi</span> <span class='ocrx_word' id='word_1_220' title='bbox 282 2139 425 2192; x_wconf 86' lang='lat' dir='ltr'>potest</span> <span class='ocrx_word' id='word_1_221' title='bbox 445 2148 455 2182; x_wconf 84' lang='lat'>3</span> <span class='ocrx_word' id='word_1_222' title='bbox 479 2138 519 2172; x_wconf 89' lang='lat' dir='ltr'>et</span> <span class='ocrx_word' id='word_1_223' title='bbox 543 2127 639 2173; x_wconf 89' lang='lat' dir='ltr'>ideo</span> <span class='ocrx_word' id='word_1_224' title='bbox 664 2144 751 2172; x_wconf 87' lang='lat' dir='ltr'>non</span> <span class='ocrx_word' id='word_1_225' title='bbox 779 2126 1018 2172; x_wconf 86' lang='lat' dir='ltr'>secundum</span> <span class='ocrx_word' id='word_1_226' title='bbox 1040 2126 1178 2188; x_wconf 84' lang='lat' dir='ltr'>ipsam</span> <span class='ocrx_word' id='word_1_227' title='bbox 1202 2125 1290 2171; x_wconf 88' lang='lat' dir='ltr'>dici</span> <span class='ocrx_word' id='word_1_228' title='bbox 1314 2127 1460 2189; x_wconf 85' lang='lat' dir='ltr'>potuit</span> 
     </span>
     <span class='ocr_line' id='line_1_28' title="bbox 79 2196 1458 2260; baseline -0.003 -14"><span class='ocrx_word' id='word_1_229' title='bbox 79 2200 281 2246; x_wconf 86' lang='lat' dir='ltr'>Christus</span> <span class='ocrx_word' id='word_1_230' title='bbox 307 2199 554 2245; x_wconf 83' lang='lat' dir='ltr'>vivificatus</span> <span class='ocrx_word' id='word_1_231' title='bbox 580 2197 753 2260; x_wconf 86' lang='lat' dir='ltr'>spiritu.</span> <span class='ocrx_word' id='word_1_232' title='bbox 793 2198 845 2242; x_wconf 92' lang='lat' dir='ltr'>In</span> <span class='ocrx_word' id='word_1_233' title='bbox 880 2214 927 2242; x_wconf 82' lang='lat' dir='ltr'>ea</span> <span class='ocrx_word' id='word_1_234' title='bbox 951 2213 997 2241; x_wconf 87' lang='lat' dir='ltr'>re</span> <span class='ocrx_word' id='word_1_235' title='bbox 1024 2196 1191 2259; x_wconf 82' lang='lat' dir='ltr'>quippe</span> <span class='ocrx_word' id='word_1_236' title='bbox 1213 2197 1458 2242; x_wconf 81' lang='lat' dir='ltr'>vivificatus</span> 
     </span>
     <span class='ocr_line' id='line_1_29' title="bbox 78 2265 1454 2331; baseline -0.003 -16"><span class='ocrx_word' id='word_1_237' title='bbox 78 2280 165 2326; x_wconf 82' lang='lat' dir='ltr'>est,</span> <span class='ocrx_word' id='word_1_238' title='bbox 205 2270 250 2314; x_wconf 90' lang='lat' dir='ltr'>in</span> <span class='ocrx_word' id='word_1_239' title='bbox 286 2285 373 2331; x_wconf 85' lang='lat' dir='ltr'>qua</span> <span class='ocrx_word' id='word_1_240' title='bbox 402 2267 542 2313; x_wconf 85' lang='lat' dir='ltr'>fuerat</span> <span class='ocrx_word' id='word_1_241' title='bbox 576 2268 861 2312; x_wconf 85' lang='lat' dir='ltr'>mortificatus</span> <span class='ocrx_word' id='word_1_242' title='bbox 889 2284 899 2311; x_wconf 72' lang='grc' dir='ltr'><strong>ε</strong></span> <span class='ocrx_word' id='word_1_243' title='bbox 927 2282 1026 2325; x_wconf 85' lang='lat' dir='ltr'>ergo</span> <span class='ocrx_word' id='word_1_244' title='bbox 1055 2265 1108 2310; x_wconf 92' lang='lat' dir='ltr'>de</span> <span class='ocrx_word' id='word_1_245' title='bbox 1133 2282 1262 2310; x_wconf 87' lang='lat' dir='ltr'>carne</span> <span class='ocrx_word' id='word_1_246' title='bbox 1286 2265 1454 2311; x_wconf 88' lang='lat' dir='ltr'>dictum</span> 
     </span>
     <span class='ocr_line' id='line_1_30' title="bbox 78 2335 1458 2403; baseline -0.004 -17"><span class='ocrx_word' id='word_1_247' title='bbox 78 2350 153 2386; x_wconf 88' lang='lat' dir='ltr'>est.</span> <span class='ocrx_word' id='word_1_248' title='bbox 197 2340 299 2403; x_wconf 88' lang='lat' dir='ltr'>Ipsa</span> <span class='ocrx_word' id='word_1_249' title='bbox 334 2337 448 2383; x_wconf 87' lang='lat' dir='ltr'>enim</span> <span class='ocrx_word' id='word_1_250' title='bbox 485 2336 636 2382; x_wconf 75' lang='lat' dir='ltr'>revixit</span> <span class='ocrx_word' id='word_1_251' title='bbox 666 2337 808 2383; x_wconf 87' lang='lat' dir='ltr'>anima</span> <span class='ocrx_word' id='word_1_252' title='bbox 830 2336 1061 2391; x_wconf 83' lang='lat' dir='ltr'>redeunte,</span> <span class='ocrx_word' id='word_1_253' title='bbox 1099 2335 1202 2398; x_wconf 82' lang='lat' dir='ltr'>quia</span> <span class='ocrx_word' id='word_1_254' title='bbox 1235 2336 1330 2398; x_wconf 82' lang='lat' dir='ltr'>ipsa</span> <span class='ocrx_word' id='word_1_255' title='bbox 1366 2347 1458 2382; x_wconf 81' lang='lat' dir='ltr'>erat</span> 
     </span>
     <span class='ocr_line' id='line_1_31' title="bbox 77 2406 1458 2465; baseline -0.003 -9"><span class='ocrx_word' id='word_1_256' title='bbox 77 2420 249 2456; x_wconf 85' lang='lat' dir='ltr'>mortua</span> <span class='ocrx_word' id='word_1_257' title='bbox 281 2408 426 2454; x_wconf 88' lang='lat' dir='ltr'>anima</span> <span class='ocrx_word' id='word_1_258' title='bbox 449 2407 689 2453; x_wconf 84' lang='lat' dir='ltr'>recedente.</span> <span class='ocrx_word' id='word_1_259' title='bbox 731 2408 1018 2453; x_wconf 79' lang='lat' dir='ltr'>Mortificatus</span> <span class='ocrx_word' id='word_1_260' title='bbox 1043 2423 1144 2465; x_wconf 84' lang='lat' dir='ltr'>ergo</span> <span class='ocrx_word' id='word_1_261' title='bbox 1163 2422 1294 2451; x_wconf 88' lang='lat' dir='ltr'>carne</span> <span class='ocrx_word' id='word_1_262' title='bbox 1315 2406 1458 2452; x_wconf 85' lang='lat' dir='ltr'>dictus</span> 
     </span>
     <span class='ocr_line' id='line_1_32' title="bbox 75 2476 1454 2544; baseline -0.004 -17"><span class='ocrx_word' id='word_1_263' title='bbox 75 2490 160 2536; x_wconf 89' lang='lat' dir='ltr'>est,</span> <span class='ocrx_word' id='word_1_264' title='bbox 183 2479 286 2544; x_wconf 87' lang='lat' dir='ltr'>quia</span> <span class='ocrx_word' id='word_1_265' title='bbox 309 2477 548 2525; x_wconf 86' lang='lat' dir='ltr'>secundum</span> <span class='ocrx_word' id='word_1_266' title='bbox 571 2478 707 2523; x_wconf 76' lang='lat' dir='ltr'>solam</span> <span class='ocrx_word' id='word_1_267' title='bbox 726 2494 899 2523; x_wconf 85' lang='lat' dir='ltr'>carnem</span> <span class='ocrx_word' id='word_1_268' title='bbox 920 2486 1118 2521; x_wconf 88' lang='lat' dir='ltr'>mortuus</span> <span class='ocrx_word' id='word_1_269' title='bbox 1136 2485 1198 2521; x_wconf 84' lang='lat' dir='ltr'>est</span> <span class='ocrx_word' id='word_1_270' title='bbox 1220 2493 1231 2521; x_wconf 88' lang='lat'>:</span> <span class='ocrx_word' id='word_1_271' title='bbox 1260 2476 1454 2522; x_wconf 84' lang='lat' dir='ltr'>vivifica-</span> 
     </span>
     <span class='ocr_line' id='line_1_33' title="bbox 76 2546 1457 2614; baseline -0.001 -16"><span class='ocrx_word' id='word_1_272' title='bbox 76 2562 145 2599; x_wconf 74' lang='lat' dir='ltr'>tus</span> <span class='ocrx_word' id='word_1_273' title='bbox 164 2561 310 2597; x_wconf 83' lang='lat' dir='ltr'>autem</span> <span class='ocrx_word' id='word_1_274' title='bbox 335 2549 519 2614; x_wconf 85' lang='lat' dir='ltr'>spiritu,</span> <span class='ocrx_word' id='word_1_275' title='bbox 546 2549 652 2612; x_wconf 85' lang='lat' dir='ltr'>quia</span> <span class='ocrx_word' id='word_1_276' title='bbox 677 2548 753 2595; x_wconf 90' lang='lat' dir='ltr'>illo</span> <span class='ocrx_word' id='word_1_277' title='bbox 776 2548 936 2613; x_wconf 85' lang='lat' dir='ltr'>spiritu</span> <span class='ocrx_word' id='word_1_278' title='bbox 964 2556 1199 2612; x_wconf 86' lang='lat' dir='ltr'>operante,</span> <span class='ocrx_word' id='word_1_279' title='bbox 1224 2546 1270 2593; x_wconf 90' lang='lat' dir='ltr'>in</span> <span class='ocrx_word' id='word_1_280' title='bbox 1293 2563 1382 2611; x_wconf 85' lang='lat' dir='ltr'>quo</span> <span class='ocrx_word' id='word_1_281' title='bbox 1403 2547 1457 2596; x_wconf 82' lang='lat' dir='ltr'>ad</span> 
     </span>
    </p>

    <p class='ocr_par' dir='ltr' id='par_1_4' title="bbox 124 2630 749 2675">
     <span class='ocr_line' id='line_1_34' title="bbox 124 2630 749 2675; baseline -0.002 -8"><span class='ocrx_word' id='word_1_282' title='bbox 124 2634 138 2658; x_wconf 80' lang='lat'><strong>¹</strong></span> <span class='ocrx_word' id='word_1_283' title='bbox 152 2635 248 2668; x_wconf 77' lang='lat' dir='ltr'>Joan.</span> <span class='ocrx_word' id='word_1_284' title='bbox 262 2643 330 2674; x_wconf 70' lang='grc' dir='ltr'>ΧΠ,</span> <span class='ocrx_word' id='word_1_285' title='bbox 350 2633 403 2665; x_wconf 82' lang='grc'>30.</span> <span class='ocrx_word' id='word_1_286' title='bbox 416 2649 462 2656; x_wconf 91' lang='grc'>-</span> <span class='ocrx_word' id='word_1_287' title='bbox 476 2630 492 2655; x_wconf 77' lang='lat'>²</span> <span class='ocrx_word' id='word_1_288' title='bbox 509 2634 602 2664; x_wconf 81' lang='lat' dir='ltr'>Rom.</span> <span class='ocrx_word' id='word_1_289' title='bbox 622 2641 749 2675; x_wconf 74' lang='lat' dir='ltr'>v111‚2.</span> 
     </span>
    </p>
   </div>
  </div>
 </body>
</html>
