1799 3251
577 287 788 324 Erisrom
827 288 1001 324 crixxxi.
1380 276 1471 340 ψῃ]

104 358 266 417 tentiae,
302 375 388 424 qua
405 356 523 405 dicat
550 355 763 418 adjutorio
789 358 913 403 nobis
934 375 1020 404 non
1045 371 1155 421 opus
1185 372 1270 404 esse
1302 355 1468 418 divino,

101 431 326 479 inimicum
351 448 392 476 se
410 429 639 476 catholicae
659 428 779 483 fidei,
809 429 891 474 Dei
913 429 1133 474 beneficiis
1150 429 1378 491 profitetur
1395 432 1470 476 in-

102 513 287 563 gratum.
321 502 432 547 Nam
454 517 533 546 nec
558 509 702 545 nostra
724 500 1030 544 communione
1053 509 1153 544 sunt
1173 499 1308 559 digni,
1336 517 1467 563 quam

99 572 381 636 praedicando
407 571 547 617 taliter
569 570 831 634 polluerunt.
858 570 949 632 Ipsi
972 571 1085 615 enim
1103 587 1178 615 sua
1196 582 1349 634 sponte
1361 571 1466 618 dum

97 653 337 705 sequuntur
354 642 425 687 illa
449 658 548 704 quae
574 640 742 693 dicunt,
764 640 931 699 longius
960 657 982 685 a
1001 657 1098 685 vera
1124 640 1326 699 religione
1343 641 1462 687 refu-

99 722 268 771 gerunt.
298 713 409 757 Cum
427 711 539 756 enim
566 710 652 755 hoc
676 710 874 755 totumin
891 720 1034 754 nostra
1058 709 1316 771 professione
1330 713 1467 758 consi-

95 792 195 836 stat,
215 781 568 846 quotidianisque
585 780 788 843 precibus
814 779 927 824 nihil
947 796 1122 838 agamus
1153 779 1232 824 nisi
1251 782 1464 842 quemad-

93 851 272 898 modum
292 853 368 898 Dei
382 850 720 897 misericordiam
736 866 1051 913 consequamur
1066 869 1076 903 ς
1094 849 1462 913 quemadmodum

92 920 202 968 ferre
219 939 447 986 possumus
470 922 548 966 ista
586 924 831 979 jactantes?
858 920 967 976 Quis
991 936 1093 978 rogo
1123 929 1265 964 tantus
1291 920 1461 967 illorum

92 1004 269 1055 pectora
294 1010 410 1038 error
428 993 643 1046 obeaecat,
664 1002 711 1036 ut
731 991 764 1036 si
782 991 865 1052 ipsi
886 989 1050 1035 nullam
1066 990 1143 1034 Dei
1161 991 1340 1049 gratiam
1363 1009 1461 1037 sen-

93 1062 222 1118 tiunt,
245 1063 345 1125 quia
370 1079 446 1107 nee
469 1060 589 1120 digni
610 1071 710 1106 sunt
734 1071 969 1111 merentur,
989 1076 1066 1105 nec
1091 1059 1144 1104 de
1160 1060 1249 1105 aliis
1270 1063 1464 1107 conside-

91 1144 185 1177 rent
205 1132 312 1197 quid
341 1131 534 1195 quotidie
570 1131 747 1190 singulis
781 1131 916 1189 gratia
950 1129 1098 1174 divina
1120 1128 1328 1189 largitur?
1351 1132 1462 1178 Sunt

88 1202 266 1265 quidem
295 1202 363 1247 isti
385 1201 502 1247 omni
528 1202 723 1246 caecitate
759 1200 1014 1260 dignissimi,
1039 1201 1115 1262 qui
1154 1218 1232 1246 nec
1256 1201 1341 1247 hoc
1378 1204 1461 1249 sibi

93 1273 380 1335 reliquerunt,
416 1282 466 1317 ut
487 1288 528 1316 se
547 1270 700 1316 auxilio
722 1270 900 1316 credant
938 1270 1132 1316 revocari
1152 1270 1206 1315 ab
1243 1273 1461 1318 erroribus

88 1359 210 1406 posse
234 1342 395 1389 divino.
428 1343 641 1401 Negantes
676 1344 789 1386 enim
817 1339 1098 1399 adjutorium,
1133 1357 1219 1386 non
1251 1341 1359 1397 aliis,
1388 1343 1459 1388 sed

88 1413 170 1458 sibi
197 1412 282 1458 hoc
306 1412 479 1474 penitus
506 1410 796 1465 abstulerunt,
826 1410 902 1473 qui
929 1409 1140 1456 avellendi
1159 1411 1457 1471 suntlongius‚

85 1493 127 1528 et
152 1482 208 1527 ab
226 1481 429 1527 Ecclesiae
449 1480 606 1543 procul
632 1479 882 1526 removendi
895 1479 1148 1535 visceribus,
1179 1498 1231 1526 ne
1254 1481 1328 1527 diu
1350 1483 1459 1528 inul-

87 1564 155 1598 tus
168 1551 304 1597 multa
328 1568 567 1614 occupans,
599 1551 850 1596 insanabilis
885 1561 985 1613 post
1007 1568 1127 1596 error
1152 1551 1377 1600 increscat.
1413 1555 1457 1599 Si

84 1625 198 1670 enim
217 1624 293 1670 diu
316 1625 398 1669 sub
423 1624 506 1669 hac
531 1623 692 1669 fuerint
723 1623 982 1685 impunitate
1009 1623 1182 1678 versati,
1204 1641 1369 1668 necesse
1397 1637 1456 1670 est

84 1694 525 1740 multosinhancsuae
540 1694 795 1756 pravitatem
818 1694 968 1738 mentis
991 1692 1198 1738 inducant
1217 1693 1455 1757 decipiant-

82 1781 167 1827 que
185 1765 450 1819 innocentes,
476 1764 536 1809 vel
560 1764 706 1826 potius
730 1763 1042 1826 imprudentes,
1062 1763 1137 1826 qui
1152 1763 1279 1808 fidem
1304 1765 1454 1810 catho-

82 1834 209 1880 licam
236 1845 489 1897 sequuntur.
523 1834 753 1879 Putabunt
775 1834 887 1878 enim
913 1850 981 1878 eos
1006 1844 1119 1878 recte
1146 1834 1316 1888 sentire,
1347 1852 1454 1897 quos

82 1903 231 1950 adhuc
253 1904 442 1950 viderint
464 1904 506 1949 in
524 1903 714 1949 Ecclesia
740 1903 988 1967 perdurare.
1023 1925 1042 1944 »

146 1976 224 2022 lx.
245 1997 263 2016 c<
287 1975 518 2038 Separetur
539 1992 638 2034 ergo
666 1993 686 2019 a
710 1992 812 2019 sano
837 1991 1018 2036 corpore
1049 1973 1206 2019 vulnus
1232 1975 1449 2027 insanum,

80 2056 332 2109 remotoque
358 2046 500 2090 morbi
525 2045 736 2090 saevientis
767 2045 911 2090 afflatu
935 2044 1102 2089 cautius
1121 2061 1219 2107 quae
1240 2056 1338 2089 sunt
1362 2046 1453 2090 sin-

80 2132 176 2162 cera
208 2115 462 2179 perdurent,
486 2127 525 2160 et
547 2133 643 2175 grex
680 2116 832 2177 purior
852 2115 907 2159 ab
938 2114 1021 2160 hac
1047 2114 1146 2159 mali
1172 2116 1338 2177 pecoris
1358 2132 1460 2161 con-

81 2187 249 2246 tagione
277 2197 502 2249 purgetur.
538 2187 609 2231 Sic
645 2187 773 2230 totius
803 2186 998 2247 corporis
1029 2185 1194 2230 illibata
1225 2185 1451 2247 perfectio,

78 2273 208 2319 quam
235 2274 308 2303 vos
328 2258 446 2318 sequi
469 2266 510 2300 et
526 2266 665 2300 tenere
695 2257 774 2300 liae
797 2257 840 2300 in
865 2256 958 2300 illos
981 2255 1336 2318 pronuntiatione
1357 2273 1458 2315 cog-

78 2327 279 2373 novimus
295 2364 305 2382 ,
350 2338 389 2371 et
428 2343 510 2371 uua
546 2327 770 2371 vobi-cuin
814 2326 907 2388 pari
950 2326 1186 2370 assensione
1221 2342 1451 2373 servamus.

77 2397 165 2454 Qui
190 2398 221 2442 si
249 2408 390 2442 tamen
417 2395 592 2458 aliquod
622 2397 665 2440 in
692 2414 733 2440 se
770 2396 845 2440 Dei
878 2395 1167 2454 adjutorium,
1208 2395 1324 2457 quod
1369 2396 1456 2441 huc

77 2484 211 2530 usque
237 2477 501 2527 negaverunt
524 2467 822 2529 provocarint.
848 2477 887 2510 et
919 2483 1029 2528 opus
1055 2466 1139 2510 sibi
1174 2469 1266 2523 ejus
1297 2467 1453 2511 auxilio

74 2554 162 2583 esse
193 2536 502 2597 cognoverint,
542 2547 589 2581 ut
621 2536 705 2581 hac
727 2536 824 2581 labe
848 2536 889 2580 in
911 2552 1040 2598 quam
1067 2536 1129 2580 sui
1150 2534 1291 2581 cordis
1315 2535 1458 2582 incur-

78 2608 248 2653 vatione
269 2616 537 2661 corruerant,
567 2606 819 2652 liberentur.
847 2615 885 2649 et
907 2606 1027 2667 quasi
1044 2605 1087 2650 in
1105 2605 1244 2651 lucem
1265 2603 1318 2649 de
1337 2606 1454 2651 foeda
