1799 3251
342 271 398 324 42
763 287 797 317 s.
841 287 1081 317 sucusrim
1119 285 1319 316 eviscovi

343 359 406 394 ter
427 348 611 395 litteram
639 361 866 396 terrentem
890 362 931 397 et
959 350 1228 397 occidentem
1245 387 1256 406 ,
1281 349 1475 394 nondum
1503 347 1714 394 habentes

343 419 552 482 Spiritum
569 419 859 466 vivificantem
876 458 886 475 ,
907 421 1142 466 currebant
1166 437 1265 466 cum
1284 418 1505 465 sacrificiis
1530 417 1583 463 ad
1606 430 1710 463 tem-

342 489 464 553 plum
489 507 498 535 :
522 500 561 535 et
582 491 780 553 quamvis
813 491 857 536 in
888 492 1071 551 figuram
1101 489 1240 536 futuri
1274 488 1492 549 sanguinis
1527 503 1615 551 quo
1643 499 1715 533 re-

343 560 508 622 dempti
525 576 699 613 sumus;
725 572 864 606 tamen
885 561 1117 606 nescientes
1138 559 1244 622 quid
1269 576 1347 622 per
1369 575 1436 603 eas
1456 558 1716 620 praefigura-

346 640 480 676 retur.
499 641 695 675 cruentas
714 631 908 676 victimas
926 630 1226 676 immolabant.
1260 630 1387 674 Nunc
1401 645 1501 673 vero
1523 628 1566 673 in
1581 627 1719 687 gratia

346 700 457 744 Novi
474 700 759 745 Testamenti:
782 721 799 741 «
817 700 901 756 Qui
918 700 1074 745 timetis
1096 699 1353 754 Dominum,
1374 697 1545 743 laudate
1561 714 1675 744 eum.
1697 718 1717 738 »

349 769 444 831 Ipse
466 770 632 832 quippe
659 770 703 815 in
728 769 810 815 alio
843 769 1035 822 l'salmo,
1063 769 1136 815 illa
1162 769 1369 814 mutanda
1389 767 1714 831 praenuntians,

347 854 446 900 quae
470 849 574 884 tunc
595 839 639 884 in
655 840 809 885 umbra
826 839 965 885 futuri
986 839 1277 884 offerebantur
1297 856 1307 883 z
1327 860 1345 879 «
1365 839 1461 883 lN‘on
1482 837 1715 900 accipiam,

347 928 368 949 »
388 908 554 970 inquit,
586 908 639 953 de
674 926 805 955 manu
839 921 910 956 tua
941 909 1129 965 vitulos,
1159 926 1298 971 neque
1327 908 1379 954 de
1405 908 1607 968 gregibus
1633 907 1718 952 tuis

353 998 373 1018 >³
397 978 584 1025 hircos1.
612 1001 632 1020 »
650 980 703 1024 Et
720 980 850 1042 paulo
872 990 991 1043 post,
1011 990 1057 1025 ut
1076 978 1314 1024 ostenderet
1330 978 1590 1024 sacrificium
1607 975 1719 1023 Novi

349 1048 634 1104 Testamenti,
667 1050 842 1112 quando
874 1050 945 1095 illa
976 1050 1149 1095 fuerant
1183 1060 1396 1094 cessatura
1426 1067 1437 1090 ε
1470 1046 1714 1103 «Immola‚

348 1139 367 1158 »
391 1118 532 1180 inquit
550 1155 560 1174 ‚
589 1123 681 1164 Deo
701 1120 962 1166 sacrificium
984 1119 1147 1175 laudis,
1169 1130 1210 1165 et
1233 1118 1363 1164 redde
1381 1118 1597 1164 Altissimo
1617 1127 1719 1162 vota

346 1209 365 1228 »
392 1198 477 1234 tua.
510 1210 528 1229 n
558 1190 613 1234 Et
647 1190 689 1234 in
725 1190 806 1235 fine
840 1190 1031 1250 ejusdem
1058 1189 1217 1235 Psalmi
1241 1207 1250 1234 ε
1274 1211 1293 1230 «
1316 1188 1588 1234 Sacrificium
1607 1224 1619 1243 ‚
1647 1185 1720 1233 iu-

350 1280 370 1299 »
391 1259 512 1320 quit,
538 1258 676 1304 laudis
699 1259 961 1319 glorificabit
976 1277 1043 1305 me
1065 1278 1075 1304 :
1101 1271 1141 1305 et
1165 1259 1255 1305 illic
1277 1260 1347 1305 via
1364 1269 1426 1304 est
1443 1296 1454 1314 ,
1476 1275 1563 1321 qua
1582 1267 1721 1303 osten-

348 1350 367 1369 »
392 1328 489 1372 clam
515 1328 577 1373 illi
603 1329 787 1375 salutare
810 1347 952 1375 meum
970 1331 1005 1376 2.
1032 1352 1051 1371 n
1079 1330 1274 1375 Salutare
1299 1328 1376 1374 Dei
1402 1329 1604 1374 Christus
1627 1337 1717 1382 est,

346 1414 474 1460 quem
497 1398 700 1444 infantem
732 1400 905 1444 Simeon
929 1416 1050 1444 senex
1073 1416 1172 1445 cum
1199 1400 1443 1458 agnovisset
1465 1399 1508 1443 in
1535 1396 1691 1460 spiritu
1707 1431 1718 1449 ,

346 1484 531 1531 eumque
564 1471 811 1532 sumpsisset
841 1470 885 1515 in
913 1487 1065 1516 manus
1089 1487 1099 1514 ι
1127 1490 1147 1511 ι(
1171 1471 1297 1515 Nunc
1318 1468 1524 1523 dimittis,
1544 1467 1712 1530 inquit,

349 1560 368 1579 n
393 1540 599 1594 Domine,
628 1556 798 1585 servum
839 1550 985 1593 tuum,
1025 1539 1262 1584 secundum
1293 1538 1476 1584 verbum
1511 1547 1634 1582 tuum
1669 1538 1717 1582 in

349 1630 370 1650 >2
393 1626 501 1672 pace
522 1627 532 1653 :
555 1609 762 1672 quoniam
782 1609 985 1655 viderunt
1005 1610 1119 1655 oculi
1137 1609 1428 1654 meiSalutare
1443 1619 1565 1653 tuum
1580 1606 1612 1654 3.
1637 1628 1657 1648 »

411 1679 590 1725 XLVII.
619 1700 638 1720 α
660 1679 748 1734 Qui
781 1680 936 1724 timetis
960 1694 1059 1739 ergo
1099 1679 1360 1733 Dominum,
1397 1677 1571 1723 laudate
1594 1693 1690 1723 eum
1708 1709 1720 1733 ,

351 1770 372 1791 2>
393 1749 637 1794 universum
659 1766 801 1794 semen
826 1750 966 1794 Jacob
995 1750 1269 1808 magnificate
1292 1765 1405 1794 eum.
1428 1771 1448 1789 »
1470 1748 1568 1793 Non
1596 1757 1724 1793 vacat

350 1818 468 1881 quod
485 1820 523 1864 ei
542 1836 627 1864 non
651 1819 810 1864 sussicit
833 1819 975 1864 dicere
991 1857 1001 1874 ,
1022 1842 1041 1861 (ι
1065 1821 1218 1864 Semen
1245 1819 1383 1864 Jacob
1401 1854 1412 1872 ,
1438 1840 1457 1859 »
1482 1818 1564 1864 nisi
1589 1816 1724 1862 adde·-
1750 1843 1758 1849 -

353 1899 441 1943 ret,
471 1909 490 1928 «
518 1889 765 1934 Universum
786 1909 796 1942 ;
818 1911 837 1931 >³
860 1907 912 1934 ne
939 1890 982 1935 in
1009 1890 1106 1935 solis
1138 1891 1195 1934 eis
1226 1888 1553 1948 intelligeretur,
1579 1887 1656 1951 qui
1678 1903 1726 1932 ex

355 1958 559 2003 Israelitis
577 1958 748 2004 fuerant
778 1960 999 2006 credituri.
1027 1960 1181 2005 Semen
1201 1959 1313 2004 enim
1337 1959 1474 2004 Jacob
1497 1958 1640 2021 ipsum
1664 1967 1725 2003 est

353 2044 492 2073 semen
510 2029 699 2075 Abrahae
717 2047 726 2073 :
749 2030 952 2075 omnibus
968 2040 1107 2075 autem
1121 2031 1165 2074 in
1183 2030 1407 2075 Christum
1425 2028 1722 2082 credentibus,

352 2115 439 2143 non
472 2099 570 2145 solis
600 2101 674 2163 qui
710 2118 755 2145 ex
787 2100 921 2146 Israel
959 2100 1106 2146 fideles
1136 2111 1283 2156 erant,
1321 2099 1555 2164 Apostolus
1578 2098 1721 2144 dicit:

357 2189 376 2209 «
399 2169 512 2228 Ergo
529 2170 719 2215 Abrahae
739 2187 880 2216 semen
901 2171 1000 2216 estis
1022 2170 1258 2216 secundum
1283 2171 1609 2234 promissionem
1637 2169 1730 2214 bae-

355 2260 376 2279 ›>
400 2239 565 2285 redes-⁴.
592 2261 612 2281 »
638 2241 707 2285 lbi
727 2257 914 2303 namque
936 2241 1294 2286 commemoravit
1320 2240 1719 2304 praefigurationem

354 2308 467 2353 Novi
484 2309 769 2360 Testamenti.
793 2311 836 2355 in
851 2327 899 2355 eo
914 2310 1035 2374 quod
1052 2311 1262 2373 scriptum
1285 2321 1348 2356 est
1368 2328 1378 2355 :
1402 2332 1422 2352 «
1443 2312 1493 2356 In
1515 2311 1635 2355 Isaac
1653 2322 1728 2355 vo·

354 2379 562 2425 »cabitur
580 2380 658 2425 tibi
678 2381 872 2434 semen53
893 2399 1012 2426 »110ss
1030 2381 1179 2444 utique
1196 2381 1240 2426 in
1256 2381 1415 2426 Ismaiil
1427 2380 1598 2427 ancillae
1614 2379 1722 2426 filio.

353 2449 402 2493 In
422 2450 582 2512 quibus
602 2450 773 2496 duobus
788 2451 889 2497 filiis
908 2451 1101 2498 Abrahae
1118 2469 1238 2498 servo
1255 2462 1295 2497 et
1310 2452 1468 2509 libero,
1491 2462 1534 2497 et
1551 2450 1728 2497 duabus

405 2550 413 2571 ¹
433 2546 514 2582 Psal.
540 2561 629 2590 xnxx,
657 2562 691 2590 9.
717 2568 759 2575 —-
782 2549 797 2572 2
821 2551 905 2583 Ibid.
923 2555 976 2584 23.
992 2571 1034 2577 —
1054 2549 1068 2575 3
1082 2555 1160 2585 Luc.
1176 2556 1222 2590 ir,
1243 2563 1299 2593 29.
1318 2570 1359 2577 -
1378 2550 1391 2575 ⁴
1407 2552 1510 2584 Galat.
1526 2562 1576 2595 ιιι,
1597 2562 1655 2592 29.
1684 2567 1728 2576 —

357 2604 370 2626 ⁵
390 2608 481 2637 Rom.
499 2616 543 2649 ix,
563 2617 593 2646 7,
610 2616 646 2636 ex
664 2607 748 2640 Gen.
769 2617 838 2643 xxr.
858 2618 909 2639 η.
