1799 3251
369 270 428 319 82
770 285 804 314 s.
848 281 1089 315 aueusrrm
1121 279 1324 313 Emscom

367 351 508 398 clesiae
535 367 708 397 causam
742 349 862 414 apud
887 350 1171 413 Imperatores
1206 346 1383 406 agimus.
1412 345 1525 392 Ecce
1548 346 1731 406 majores

364 438 513 468 eorum
531 421 583 467 de
595 438 782 485 quorum
795 420 1045 466 nominibus
1059 419 1313 480 gloriantur,
1336 415 1539 462 Ecclesiae
1556 433 1728 463 causam

362 504 540 553 egerunt
568 491 684 555 apud
721 493 1031 555 Imperatorem
1047 527 1058 545 ,
1097 487 1310 552 persecuti
1348 497 1446 532 sunt
1484 486 1727 533 accusando

359 564 644 610 Caecilianum
682 561 799 626 apud
837 562 1168 624 Imperatorem,
1210 558 1465 603 damnatum
1505 556 1718 606 dixerunt.

354 634 379 678 J
385 652 452 680 am
472 651 560 680 non
574 651 648 681 vos
666 633 874 680 seducant
891 631 1126 679 vanissimis
1145 640 1185 675 et
1204 628 1539 675 mendacissimis
1551 629 1720 675 verbis:

352 705 486 752 redite
512 705 566 751 ad
592 722 667 751 cor
690 715 878 751 vestrum
900 741 910 759 ,
948 703 1091 748 timete
1113 702 1373 757 Dominum,
1401 699 1587 760 cogitate
1607 700 1723 747 veri-

348 786 506 832 tatem,
546 775 771 838 relinquite
806 773 1048 819 falsitatem.
1081 771 1311 835 Quidquid
1339 771 1452 816 enim
1478 774 1570 831 jam
1607 771 1721 834 passi

344 846 509 893 fueritis
525 845 822 909 imperialibus
850 844 1017 904 legibus
1035 880 1044 897 ,
1069 842 1186 906 quod
1216 859 1302 887 non
1322 859 1404 905 pro
1424 841 1621 902 justitia3
1645 841 1718 888 sed

340 934 423 980 pro
437 917 661 980 iniquitate
680 915 882 978 patimini
900 951 910 969 ,
935 931 1021 959 non
1040 914 1236 977 poteritis
1255 912 1398 958 dicere
1418 911 1516 958 ideo
1536 930 1614 959 nos
1631 930 1718 959 esse

342 988 547 1048 injustos,
572 986 674 1050 quia
700 986 759 1031 sic
783 985 1008 1032 vobiscum
1034 984 1101 1044 agi
1126 1001 1213 1029 non
1235 982 1415 1039 debuit,
1442 993 1490 1028 ut
1512 982 1715 1046 Impera-

339 1069 407 1104 tor
439 1075 514 1104 vos
550 1059 606 1103 ab
638 1059 717 1102 ista
755 1056 981 1120 iniquitate
1009 1064 1315 1119 compesceret.
1356 1053 1564 1117 Episcopi
1598 1054 1714 1100 enim

337 1129 468 1175 vestri
486 1128 664 1174 confessi
685 1137 783 1173 sunt
798 1130 981 1186 majores
995 1143 1090 1172 suos
1111 1127 1170 1172 sic
1187 1126 1317 1185 egisse
1333 1142 1434 1171 cum
1454 1124 1708 1182 Caeciliano,

335 1198 558 1262 quomodo
575 1198 801 1244 vobiscum
828 1197 895 1256 agi
912 1213 997 1242 non
1022 1196 1166 1243 vultis.
1190 1197 1246 1241 Et
1266 1205 1407 1241 tamen
1428 1194 1548 1259 quod
1573 1194 1712 1241 Caeci-

333 1269 498 1315 lianum
525 1268 645 1332 apud
671 1269 983 1331 Imperatorem
1007 1268 1221 1331 persecuti
1244 1263 1432 1322 fuerint,
1463 1266 1590 1312 etiam
1604 1266 1709 1330 ipsis

333 1340 641 1384 confitentibus
669 1348 710 1384 et
734 1338 1043 1402 profitentibus
1062 1338 1160 1383 satis
1179 1338 1372 1384 constitit
1393 1355 1404 1382 ε
1427 1336 1547 1401 quod
1563 1348 1707 1383 autem

333 1409 591 1455 Caecilianus
613 1409 742 1455 fuerit
766 1410 821 1454 ab
841 1410 1107 1471 imperatore
1128 1407 1356 1454 damnatus
1372 1445 1383 1464 ,
1413 1408 1592 1454 omnino
1617 1425 1706 1455 non

328 1481 522 1526 constitit
546 1498 556 1524 z
579 1480 667 1526 imo
691 1480 818 1525 etiam
835 1480 1054 1536 constitit,
1082 1496 1180 1526 eum
1201 1479 1508 1525 accusantibus
1528 1490 1567 1525 et
1591 1498 1699 1544 per-

323 1551 601 1615 sequentibus
633 1551 870 1611 majoribus
893 1568 1043 1597 eorum
1063 1588 1074 1608 ,
1104 1561 1144 1597 et
1169 1549 1262 1596 bis1
1288 1567 1468 1597 numero
1490 1551 1612 1614 prius
1640 1552 1697 1598 ab

321 1622 538 1687 episcopis
567 1659 577 1678 ,
614 1632 656 1667 et
697 1622 751 1667 ab
791 1623 885 1685 ipso
926 1633 1072 1685 postea
1116 1623 1382 1685 Imperatore
1412 1621 1542 1668 fuisse
1582 1639 1698 1686 pur-

322 1703 484 1752 gatum.
527 1692 623 1738 Hoc
657 1692 783 1737 etiam
823 1692 904 1755 ipsi
937 1694 1305 1739 confirmaverunt
1324 1730 1334 1749 ,
1375 1692 1476 1738 talia
1513 1704 1661 1756 postea
1683 1731 1694 1751 ,

321 1764 442 1827 quasi
464 1780 544 1827 pro
565 1780 691 1809 causa
719 1780 794 1809 sua
811 1801 820 1819 ‚
847 1764 1105 1827 proferendo
1126 1801 1135 1820 ,
1165 1774 1212 1810 ut
1237 1765 1370 1824 magis
1393 1774 1547 1810 contra
1571 1764 1696 1828 ipsos

321 1850 406 1880 esse
429 1834 740 1891 invenirentur,
763 1846 803 1880 et
827 1852 908 1898 pro
928 1853 1055 1882 causa
1075 1835 1300 1881 Caeciliani
1319 1835 1448 1881 etiam
1471 1835 1545 1881 illa
1561 1873 1572 1889 ,
1594 1854 1696 1901 quae

320 1904 596 1967 protulerunt
617 1942 627 1961 ,
664 1905 961 1952 recitarentur.
1007 1906 1317 1969 Quoscumque
1357 1922 1455 1965 ergo
1494 1922 1694 1953 accusare

320 1973 571 2028 voluerunt,
594 1973 722 2019 nullis
755 1975 879 2019 certis
909 1974 1179 2020 documentis
1212 1975 1399 2037 probare
1435 1986 1684 2038 potuerunt.

321 2043 550 2106 Quidquid
576 2055 717 2089 autem
741 2060 818 2089 nos
837 2055 878 2088 et
901 2061 979 2107 pro
998 2044 1203 2090 Ecclesiae
1219 2061 1344 2090 causa
1361 2081 1372 2100 ,
1399 2055 1440 2090 et
1455 2063 1533 2108 pro
1554 2046 1690 2094 Caeci-

318 2114 422 2160 liani
440 2131 567 2159 causa
588 2114 771 2159 diximus
788 2150 798 2170 ,
820 2124 860 2159 et
880 2115 1021 2160 verbis
1040 2115 1124 2160 suis
1144 2124 1185 2159 et
1201 2114 1461 2161 lectionibus
1478 2134 1500 2161 a
1522 2133 1564 2163 se
1587 2135 1689 2181 pro-

313 2184 410 2231 latis
432 2185 558 2229 etiam
579 2185 661 2247 ipsi
682 2185 1064 2231 confirmaverunt.

379 2256 456 2302 IX.
488 2255 599 2300 Nam
631 2255 905 2318 protulerunt
938 2256 1081 2319 primo
1113 2255 1308 2302 codicem
1346 2257 1526 2321 Optati,
1561 2259 1677 2306 unde

312 2326 434 2390 quasi
457 2326 693 2388 probarent
719 2326 1003 2372 Caecilianum
1031 2327 1086 2372 ab
1105 2328 1371 2391 Imperatore
1391 2329 1644 2376 damnatum
1667 2349 1677 2376 :

312 2396 386 2459 qui
411 2396 542 2440 codex
560 2413 658 2441 cum
681 2407 831 2441 contra
854 2397 948 2443 illos
971 2397 1198 2457 legeretur,
1222 2409 1263 2444 et
1287 2400 1420 2458 magis
1441 2401 1680 2447 ostenderet

310 2466 590 2512 Caecilianum
615 2465 739 2511 fuisse
766 2478 1021 2529 purgatum,
1051 2468 1106 2512 ab
1136 2469 1339 2514 omuibus
1359 2470 1429 2514 risi
1454 2482 1566 2517 sunt.
1593 2470 1677 2517 Sed

305 2537 404 2601 quia
424 2537 513 2598 ipse
532 2537 641 2579 risus
664 2554 744 2580 non
773 2538 915 2599 potnit
936 2538 990 2581 al)
1012 2539 1312 2600 exceptoribus
1335 2540 1497 2604 excipi,
1531 2543 1675 2588 verbis

349 2623 359 2644 ¹
376 2617 516 2653 Primum
538 2621 568 2652 in
588 2623 731 2653 Romano
750 2622 910 2662 Concilio,
934 2628 997 2654 tum
1018 2622 1051 2654 iu
1071 2624 1254 2657 Arelate-1121.
