1799 3251
552 294 763 325 EPISTOLA
797 296 982 328 chxxv.
1368 287 1455 343 441

98 367 161 406 ter
183 358 398 407 desideras
420 377 468 406 ea
489 376 610 405 nosse
630 376 729 422 quae
758 361 836 406 Dei
856 372 970 409 sunt.
1003 361 1110 409 Vere
1134 363 1240 411 hinc
1255 375 1295 412 te
1320 383 1462 430 appa-

95 440 161 476 ret
196 430 324 475 etiam
348 429 401 475 de
432 430 527 493 ipsa
549 429 709 476 virtute
749 430 944 486 militari,
993 432 1095 478 fidei
1138 434 1293 481 servire
1330 453 1463 498 quam

93 499 229 545 habes
249 499 294 544 in
314 499 504 546 Christo.
554 499 610 545 Ut
637 516 736 559 ergo
766 499 954 546 breviter
988 502 1199 550 insinuem
1238 505 1463 553 dilectioni

95 579 200 626 tuae,
224 570 336 615 inter
354 570 614 615 Asianorum
633 579 674 614 et
697 570 1019 617 Donatistarum
1039 573 1148 635 quid
1162 574 1330 621 intersit
1347 593 1462 622 erro-

94 655 213 694 rem,
243 639 391 684 Ariani
424 640 564 685 Patris
590 649 632 684 et
660 638 757 684 Filii
796 650 838 684 et
877 641 1066 703 Spiritus
1102 644 1238 689 sancti
1274 645 1464 692 diversas

93 709 356 755 substantias
372 726 457 754 esse
475 708 629 755 dicunt
653 726 663 753 t
688 708 930 754 Donatistae
966 721 1108 756 autem
1139 730 1228 758 non
1264 714 1351 760 hoc
1390 715 1464 761 di-

93 789 217 835 cunt,
244 779 317 825 sed
335 796 463 825 unam
484 779 706 825 Trinitatis
731 779 1018 825 substantiam
1046 783 1324 830 confitentur.
1356 786 1410 830 Et
1429 786 1465 831 si

92 849 228 913 aliqui
250 850 443 913 ipsorum
456 851 665 896 minorem
685 850 841 895 Filium
865 867 950 896 esse
965 851 1165 898 dixerunt
1181 871 1312 916 quam
1330 855 1461 901 Pater

91 929 185 974 est,
221 920 410 979 ejusdem
439 930 581 965 tamen
613 920 866 966 substantiae
891 938 977 966 non
1010 934 1236 981 negarunt.
1280 924 1464 971 Plurimi

90 1004 193 1035 vero
216 989 262 1034 in
281 990 339 1034 eis
361 989 447 1034 hoc
465 1007 506 1035 se
525 989 678 1035 dicunt
706 990 883 1035 omnino
904 990 1077 1036 credere
1104 992 1156 1037 de
1175 995 1301 1039 Patre
1328 1005 1368 1040 et
1390 996 1464 1040 Fi·-

88 1056 148 1104 lio
162 1068 204 1103 et
222 1058 390 1121 Spiritu
416 1070 584 1115 sancto,
604 1059 723 1123 quod
742 1060 960 1105 catholica
979 1062 1116 1107 credit
1135 1064 1340 1112 Ecclesia.
1373 1066 1462 1112 Nec

87 1128 182 1191 ipsa
199 1129 402 1175 cumillis
432 1131 616 1175 vertitur
635 1130 843 1192 quaesti03
871 1130 945 1175 sed
971 1130 1023 1177 de
1048 1132 1136 1177 sola
1157 1135 1463 1181 communione

88 1197 317 1244 infeliciter
354 1199 543 1259 litigant,
571 1210 612 1244 et
635 1211 787 1245 contra
828 1200 1036 1246 unitatem
1079 1202 1243 1248 (Lhristi
1283 1204 1462 1251 rebelles

88 1267 338 1313 inimicitias
374 1269 652 1332 perversitate
681 1269 746 1314 sui
786 1270 940 1315 erroris
964 1283 1171 1318 exercent.
1215 1272 1462 1336 Aliquando

92 1349 254 1393 autem,
279 1339 392 1383 sicut
423 1338 684 1392 audivimus,
718 1339 918 1385 nonnulli
946 1357 993 1385 ex
1025 1341 1130 1404 ipsis
1158 1342 1348 1389 volentes
1378 1344 1462 1390 sibi

92 1407 282 1453 Gotthos
301 1409 547 1465 conciliare,
569 1409 745 1472 quando
766 1427 837 1455 eos
867 1409 1016 1455 vident
1036 1411 1202 1475 aliquid
1229 1430 1370 1476 posse,
1397 1413 1462 1459 di-

90 1488 198 1523 cunt
223 1478 310 1524 hoc
332 1496 375 1524 se
396 1479 569 1524 credere
600 1479 721 1542 quod
752 1490 793 1524 et
819 1479 881 1525 illi
908 1480 1108 1526 credunt.
1138 1482 1221 1528 Sed
1246 1487 1461 1543 majorum

90 1564 268 1594 suorum
297 1551 548 1596 auctoritate
567 1551 889 1596 convincuntur
908 1571 919 1604 ;
942 1552 1045 1614 quia
1059 1570 1137 1598 nec
1151 1554 1346 1600 Donatus
1368 1556 1461 1618 ipse

90 1618 151 1664 sic
164 1619 396 1666 credidisse
407 1621 622 1676 asseritur,
645 1620 698 1666 de
723 1624 847 1679 cujus
871 1631 992 1683 parte
1011 1638 1051 1666 se
1071 1639 1156 1667 esse
1172 1623 1428 1682 gloriantur.

157 1690 216 1735 ΙΙ.
256 1689 355 1735 Non
395 1701 436 1735 te
461 1701 601 1736 autem
637 1690 716 1735 ista
748 1692 1029 1744 conturbent,
1068 1691 1131 1736 fili
1165 1691 1454 1741 dilectissime.

91 1759 284 1806 Haereses
316 1761 431 1806 enim
469 1772 510 1805 et
543 1760 745 1806 scandala
783 1759 931 1805 futura
966 1760 1205 1823 praedicata
1250 1774 1366 1819 sunt,
1414 1774 1463 1809 ut

90 1831 202 1878 inter
221 1832 419 1877 inimicos
441 1831 716 1885 erudiamur;
738 1849 785 1876 ac
806 1832 917 1877 sicet
932 1832 1038 1877 fides
1059 1842 1099 1877 et
1118 1832 1292 1878 dilectio
1315 1844 1461 1880 nostra

89 1902 226 1965 possit
242 1920 327 1948 esse
344 1903 594 1965 probatior:
618 1902 722 1947 fides
742 1903 909 1965 utique,
928 1920 980 1947 ne
1005 1902 1059 1947 ab
1087 1903 1144 1947 eis
1161 1902 1457 1966 decipiamur3

90 1973 265 2018 dilectio
286 1985 446 2026 autem,
464 1984 511 2018 ut
536 1973 663 2018 etiam
691 1973 793 2035 ipsis
813 1972 1093 2032 corrigendis,
1118 1985 1330 2036 quantum
1353 1991 1460 2036 pos—

90 2059 252 2100 sumus,
276 2044 580 2097 consulamus3
600 2060 688 2088 non
715 2044 853 2088 solum
879 2044 1085 2088 instantes
1103 2060 1154 2087 ne
1175 2044 1357 2089 infirmis
1377 2061 1459 2090 no-

91 2125 234 2170 ceant,
274 2127 403 2178 atque
438 2125 484 2160 ut
506 2114 561 2159 ab
594 2131 735 2160 errore
768 2113 930 2158 nefario
956 2113 1213 2169 liberentur,
1239 2114 1310 2160 sed
1331 2115 1461 2160 etiam

91 2196 259 2230 orantes
276 2202 356 2247 pro
377 2186 452 2239 eis,
474 2196 521 2230 ut
545 2184 941 2247 aperiatDominus
965 2182 1047 2227 illis
1061 2200 1250 2238 sensum,
1275 2195 1317 2229 et
1339 2184 1462 2230 intel-

89 2254 227 2314 ligant
247 2255 505 2317 Scripturas.
533 2255 646 2310 Quia
671 2256 715 2299 in
740 2255 897 2300 sanctis
917 2253 1060 2298 Libris
1080 2253 1153 2298 ubi
1170 2253 1463 2300 manifestatur

91 2326 306 2370 Dominus
332 2325 548 2377 Christus,
588 2325 650 2369 ibi
678 2335 717 2369 ct
739 2329 829 2384 ejus
865 2322 1055 2368 Ecclesia
1089 2323 1331 2368 declaratur
1356 2341 1366 2368 ε
1395 2324 1464 2370 isti

93 2407 234 2441 autem
258 2395 448 2440 mirabili
490 2396 700 2449 caecitate,
742 2412 843 2440 cum
879 2395 1022 2456 ipsum
1044 2393 1266 2438 Christum
1304 2405 1464 2456 praeter

94 2466 342 2529 Scripturas
358 2466 566 2522 nesciant,
581 2469 672 2524 ejus
696 2476 840 2511 tamen
863 2464 1100 2509 Ecclesiam
1114 2482 1201 2509 non
1216 2464 1462 2509 divinarum

92 2535 357 2580 Litterarum
386 2535 638 2580 auctoritate
657 2544 943 2594 cognoscunt,
969 2532 1042 2578 sed
1064 2533 1355 2579 humanarum
1384 2550 1462 2579 ca·-

93 2604 356 2652 lumniarum
370 2605 556 2653 vanitate
575 2604 845 2665 confingunt.
