1799 3251
626 281 834 312 Eptsrots
872 283 984 313 cmx.
1419 268 1509 315 285

143 439 196 451 §si
211 443 221 451 ι
230 442 263 453 νὴ
269 442 321 453 ςἰή
332 443 388 453 §.w-x
396 441 450 453 xus
456 443 514 454 su
521 445 535 453 s
542 444 571 454 ιν
580 444 636 455 ,μ
644 444 695 454 ιιι
702 444 758 455 ss*-
764 444 1068 456 §sxswsmzvxssn
1075 444 1443 459 wsmnuxmuusws
1450 445 1511 458 §ss

584 564 850 608 EPISTOLA
885 565 1016 609 CLIX
1032 567 1062 609 ¹.

138 686 311 727 Domino
331 688 552 729 beatissimo
569 721 577 739 ,
600 701 637 730 et
658 692 871 730 venerabili
888 706 932 730 ac
952 692 1199 731 desiderabili
1222 694 1335 733 fratri
1352 710 1395 734 ac
1411 711 1509 735 con-

190 750 379 789 sacerdoti
407 765 496 790 ineo
529 753 703 801 Evomo,
735 762 774 791 et
800 762 931 792 tecum
958 754 1169 803 fratribus,
1201 756 1441 797 Aucusrmus
1471 768 1510 798 et

189 825 345 850 mecum
366 813 505 853 fratres
525 815 563 852 in
585 816 756 853 Domino
775 814 957 854 salutem.

134 942 412 1000 Augustinus
437 945 607 986 Evodio
630 946 889 1001 respondens
917 947 976 987 ad
1001 948 1252 1002 quaestiones
1274 951 1324 992 (le
1347 954 1503 993 anima

372 1013 512 1053 soluta
535 1028 710 1070 corpore
732 1024 769 1055 oc
791 1014 842 1055 do
861 1015 969 1056 visis
986 1015 1265 1073 prodigiosis.

202 1161 236 1206 Ι.
269 1160 449 1206 FRATER
484 1160 561 1205 iste
592 1159 768 1205 nomine
792 1160 1035 1215 Barbarus,
1063 1178 1207 1207 servus
1237 1163 1311 1208 Dei
1333 1168 1503 1224 estjam

134 1229 209 1275 diu
229 1229 346 1293 apud
368 1231 617 1293 Hipponem
640 1230 901 1276 constitutus
923 1241 964 1276 et
987 1231 1111 1277 verbi
1132 1233 1212 1278 Dei
1238 1234 1429 1280 fervidus
1455 1251 1504 1279 ac

136 1300 354 1346 studiosus
368 1300 554 1347 auditor.
573 1299 844 1346 Desideravit
860 1300 914 1347 ad
930 1311 1047 1347 tuam
1066 1302 1330 1348 sanctitatem
1346 1303 1508 1349 litteras

137 1384 325 1427 nostras3
358 1374 401 1418 in
425 1372 587 1436 quibus
613 1372 694 1417 tibi
715 1389 812 1417 eum
842 1371 886 1418 in
909 1373 1097 1418 Domino
1120 1374 1472 1420 commendamus
1493 1412 1502 1428 ‚

138 1444 302 1507 tibique
328 1461 401 1507 per
415 1461 513 1489 eum
528 1443 709 1489 salutem
728 1442 917 1488 debitam
941 1442 1141 1490 dicimus.
1171 1444 1343 1490 Litteris
1361 1456 1503 1490 autem

136 1515 370 1560 sanctitatis
396 1526 482 1560 tuae
499 1551 508 1565 ,
532 1514 692 1578 quibus
715 1513 905 1573 ingentes
928 1513 1097 1559 texuisti
1117 1515 1398 1577 quaestiones,
1427 1532 1508 1560 res-

135 1585 327 1649 pondere
351 1586 697 1649 operosissimum
726 1596 812 1641 est,
849 1585 974 1630 etiam
1008 1585 1155 1630 otiosis
1184 1596 1225 1631 et
1251 1586 1388 1631 multo
1414 1604 1508 1632 ma-

129 1661 251 1716 jore,
288 1674 415 1720 quam
450 1673 527 1701 nos
560 1672 733 1704 sumus,
760 1655 956 1719 praeditis
976 1655 1183 1701 facultate
1211 1655 1442 1702 disserendi
1467 1667 1509 1701 ct

137 1727 372 1772 acrimonia
392 1725 674 1785 intelligendi.
696 1727 892 1771 Duarum
909 1742 1007 1770 sane
1021 1726 1300 1789 epistolarum
1319 1737 1507 1782 tuarum,

135 1797 297 1860 quibus
332 1796 465 1842 multa
491 1807 531 1842 ct
557 1814 711 1856 magna
738 1795 960 1860 conquiris
978 1833 988 1851 ‚
1017 1812 1101 1841 una
1126 1797 1267 1841 nescio
1288 1796 1509 1860 quomodo

137 1867 382 1922 aberravit,
401 1878 441 1912 ct
459 1867 534 1912 diu
550 1867 731 1929 quaesita
750 1884 837 1911 non
854 1866 1189 1929 potuitreperiri
1214 1884 1223 1910 :
1246 1866 1375 1912 altera
1388 1884 1506 1922 vero,

137 1955 235 2001 quae
266 1939 439 1983 inventa
474 1948 560 1992 cst,
591 1937 727 1982 habet
756 1936 1176 1982 commendationem
1216 1937 1507 1983 suavissimam

135 2009 243 2054 servi
273 2008 345 2053 Dei
370 2007 475 2052 boni
497 2018 537 2052 et
557 2007 662 2052 casti
685 2006 967 2053 adolescentis
982 2044 992 2059 ‚
1016 2005 1236 2069 quomodo
1260 2024 1306 2052 ex
1328 2007 1411 2052 hac
1424 2008 1511 2052 vita

135 2079 418 2139 migraverit,
447 2089 488 2124 ct
517 2079 680 2142 quibus
704 2079 920 2124 visionum
954 2078 1244 2123 fraternarum
1273 2080 1512 2124 attestatio-

136 2151 266 2195 nibus
300 2150 500 2195 meritum
538 2153 627 2208 ejus
657 2149 779 2194 vobis
806 2149 1014 2194 insinuari
1046 2148 1252 2211 potuerit.
1282 2149 1444 2194 Deinde
1466 2166 1512 2193 ex

134 2219 221 2265 hac
244 2221 468 2265 occasione
489 2219 699 2282 proponis
719 2230 758 2264 et
778 2236 918 2264 versas
936 2218 988 2264 de
1004 2219 1145 2264 anima
1166 2218 1513 2264 obscurissimam

134 2291 418 2354 quaestionem
437 2326 447 2346 ‚
491 2300 639 2335 utrum
681 2306 780 2334 cum
823 2289 968 2353 aliquo
1009 2305 1190 2350 corpore
1224 2288 1468 2347 egrediatur
1490 2306 1512 2334 e

136 2378 320 2424 corpore
340 2398 350 2417 ‚
379 2377 466 2424 quo
502 2359 637 2423 possit
668 2359 721 2404 ad
756 2358 999 2422 corporalia
1033 2358 1127 2403 loca
1154 2356 1279 2413 ferri,
1318 2357 1382 2403 vel
1406 2358 1510 2404 locis

136 2431 442 2495 corporalibus
468 2429 697 2476 contineri.
727 2430 868 2489 Hujus
897 2429 1030 2489 igitur
1062 2430 1120 2473 rei
1152 2438 1362 2474 tractatus
1388 2429 1420 2474 si
1446 2440 1514 2473 ta-

136 2521 238 2549 men
275 2502 328 2549 ad
357 2502 577 2567 liquidum
601 2520 623 2547 a
647 2500 807 2547 talibus
842 2500 989 2563 quales
1011 2516 1088 2544 nos
1112 2515 1260 2544 sumus
1283 2499 1515 2545 examinari

185 2603 195 2626 ¹
211 2600 300 2636 Alias
314 2613 343 2636 c,
360 2612 430 2644 quae
445 2606 550 2633 autem
571 2612 582 2631 x
594 2601 633 2641 59
650 2605 727 2637 erat,
743 2609 827 2631 nunc
852 2600 925 2630 133.
940 2616 984 2622 --
999 2597 1123 2640 Scripta
1139 2604 1210 2640 post
1226 2598 1433 2641 superiorem.
