1799 3251
346 310 429 356 19⁸2
746 306 778 336 S.
825 303 1063 334 At'GL'STtNI
1102 303 1301 332 Ertscort

338 395 357 413 «
388 373 439 417 tit
460 370 626 430 gladius
647 368 689 414 in
718 384 789 412 ore
807 366 1001 412 eorum1.
1033 387 1051 407 ›>
1080 366 1163 427 lpsi
1186 365 1298 409 enim
1318 375 1438 410 erant
1464 363 1541 409 filii
1563 362 1704 408 homi—

340 460 443 488 num
465 480 474 496 ,
498 457 684 505 quorum
714 438 861 483 dentes
894 454 1010 482 arma
1041 447 1082 481 et
1106 436 1296 494 sagittae,
1324 445 1364 479 et
1390 434 1534 493 lingua
1557 450 1703 478 eorum

339 512 505 572 gladius
520 510 718 557 acutus2.
740 508 848 553 Nam
872 518 911 552 et
933 505 1091 552 ferrum
1118 504 1237 568 quod
1253 505 1501 567 pertransiit
1518 503 1705 548 animam

341 582 568 646 Joseph³;
603 597 683 644 pro
715 579 823 624 dura
850 577 1128 623 tribulatione
1158 576 1347 639 positum
1377 575 1485 619 mihi
1516 573 1700 619 videtur.

342 657 499 717 Aperte
513 653 677 715 quippe
691 649 852 694 dicitur
874 666 884 692 ε
903 669 922 687 τ(
940 650 1115 692 Ferrum
1135 646 1381 709 pertransiit
1395 646 1579 690 animam
1596 648 1704 702 ejus,

342 748 361 765 ‚2
383 725 522 768 donec
542 722 703 766 veniret
720 719 902 764 verbum
922 722 1012 778 ejus
1026 718 1062 771 4,
1085 740 1101 757 υ
1118 717 1161 762 id
1181 727 1259 771 est,
1280 715 1524 761 tandiufuit
1542 714 1585 759 in
1600 714 1709 758 dura

343 792 647 844 tribulatione,
673 789 809 835 donec
830 786 1078 850 fieretquod
1102 785 1316 848 praedixit.
1335 785 1449 830 Hinc
1463 784 1575 829 enini
1595 799 1710 841 inag-

344 881 423 909 nus
446 873 507 907 est
526 861 728 909 habitus,
750 870 789 904 et
813 859 867 903 ab
887 857 954 902 illa
988 856 1270 902 tribulatione
1296 856 1516 901 liberatus.
1545 853 1628 897 Sed
1662 869 1711 896 ne

344 934 549 979 humanae
573 930 794 994 sapientiae
813 928 1095 980 tribueretur,
1114 926 1232 989 quod
1252 926 1368 971 venit
1393 926 1577 970 vei-bum
1603 926 1709 983 ejuS‚

344 1003 388 1049 id
423 1014 508 1055 cst,
552 1002 713 1046 factum
748 1010 808 1044 est
836 999 954 1062 quod
990 997 1189 1061 praedixit
1209 1034 1219 1053 ,
1247 1014 1365 1042 inore
1386 1013 1460 1041 suo
1487 995 1714 1057 Scriptura

344 1084 488 1119 sancta
535 1074 622 1116 Deo
656 1070 755 1115 inde
788 1070 862 1114 dat
884 1069 1062 1128 gloriam
1083 1106 1092 1116 .
1133 1079 1174 1113 et
1209 1068 1416 1112 continno
1455 1065 1709 1124 subjungit:

344 1165 362 1184 (ι
389 1142 622 1204 Eloquium
652 1140 825 1184 Domini
846 1139 997 1198 ignivit
1021 1138 1164 1184 eum5.
1195 1159 1213 1177 ν

410 1213 615 1258 XXXIV.
661 1210 717 1254 lft
755 1210 873 1272 potui
912 1226 997 1253 non
1025 1208 1140 1254 defui
1164 1207 1576 1267 interrogationibus
1600 1205 1683 1250 tuis
1703 1242 1714 1260 ‚

347 1285 520 1346 adjutus
550 1282 820 1328 orationibus
843 1281 949 1328 tuis.
978 1292 1018 1325 et
1038 1280 1141 1343 ipsis
1159 1318 1168 1335 ‚
1196 1297 1303 1342 quas
1322 1279 1469 1324 misisti
1488 1315 1497 1332 ‚
1518 1277 1717 1340 disputa-

346 1355 537 1402 tionibus
552 1354 649 1399 tuis.
673 1354 784 1396 Cum
804 1352 916 1396 enim
934 1350 1238 1411 interrogando
1257 1350 1453 1412 disputas
1474 1387 1482 1395 .
1507 1359 1546 1393 et
1560 1348 1720 1412 quaeris

349 1427 519 1479 acriter,
541 1435 581 1468 et
600 1423 727 1468 doces
748 1421 984 1466 humiliter.
1013 1421 1126 1465 [tile
1145 1431 1206 1466 est
1225 1432 1365 1465 autem
1389 1430 1433 1464 ut
1456 1419 1507 1463 de
1526 1418 1720 1463 obscuri-

349 1496 514 1541 tatibus
559 1493 805 1538 divinaruni
854 1491 1179 1553 Scripturarum
1207 1528 1216 1545 ‚
1259 1507 1365 1553 quas
1411 1489 1720 1535 exercitationis

350 1574 509 1611 nostrae
534 1579 660 1608 causa
686 1562 799 1605 Deus
825 1577 910 1605 esse
932 1560 1097 1615 voluit,
1139 1560 1288 1605 multae
1317 1560 1594 1604 inveniantur
1621 1575 1720 1603 sen-

351 1635 521 1688 tentiae,
562 1649 660 1677 cum
690 1630 804 1675 aliud
829 1630 898 1675 alii
924 1630 1110 1676 videtur.
1146 1647 1245 1692 quae
1266 1640 1404 1674 tamen
1438 1645 1582 1674 omnes
1607 1644 1721 1673 sanae

349 1704 449 1751 fidei
482 1703 781 1763 doctrinaeque
806 1700 1087 1746 concordent.
1128 1700 1262 1746 Dabis
1284 1717 1381 1745 sane
1417 1699 1585 1744 veniam
1610 1698 1721 1760 stylo

352 1791 446 1820 meo
469 1772 651 1818 multum
673 1770 887 1816 festinanti
910 1808 918 1816 .
947 1781 991 1815 ut
1007 1774 1097 1829 jam
1116 1770 1160 1815 in
1180 1769 1279 1815 navi
1305 1770 1538 1815 constituto
1563 1785 1721 1814 occur-

354 1861 487 1890 rerem
525 1842 743 1906 perlatori.
795 1841 948 1886 Filium
989 1851 1130 1885 autem
1175 1851 1368 1885 nostrum
1413 1839 1640 1885 Paulinum
1677 1839 1719 1883 in

357 1914 519 1959 Christi
553 1912 766 1957 charitate
801 1910 1124 1965 dulcissimum,
1164 1911 1208 1955 in
1244 1911 1328 1955 hac
1359 1910 1504 1973 potius
1528 1909 1720 1973 Epistola

354 1984 538 2029 resaluto
558 2018 568 2034 ‚
597 1992 638 2025 et
663 1980 813 2043 paucis
837 1991 884 2025 ut
904 1979 1078 2025 festinus
1097 1979 1314 2036 exhortor,
1348 1991 1395 2025 ut
1418 1978 1722 2025 misericordia?

355 2052 551 2105 Domini,
579 2051 654 2113 qui
688 2050 823 2095 sciens
855 2050 956 2095 dare
991 2049 1196 2095 auxilium
1222 2050 1275 2095 de
1300 2050 1603 2106 tribulatione,
1624 2065 1722 2095 eum

358 2121 727 2169 turbulentissima
748 2130 1000 2182 tempestate
1028 2120 1141 2165 misit
1162 2121 1205 2165 in
1228 2131 1404 2183 portum
1427 2157 1436 2173 ,
1464 2136 1551 2183 quo
1576 2130 1622 2164 tu
1643 2137 1724 2182 pe-

357 2196 452 2254 lago
483 2190 778 2254 tranquilliore
813 2190 1071 2252 permeasti,
1101 2190 1184 2253 ipsi
1217 2191 1396 2235 marinae
1421 2189 1723 2252 tranquillitati

360 2264 535 2311 minime
552 2261 749 2314 credens,
771 2272 810 2305 et
834 2262 909 2324 qui
933 2265 1024 2320 ers
1044 2261 1299 2307 rudimentis
1318 2261 1580 2323 excipiendis
1599 2271 1725 2323 atque

357 2332 598 2380 nutriendis
616 2343 654 2377 te
667 2331 788 2376 dedit
804 2369 813 2386 ‚
836 2331 990 2390 gratias
1011 2342 1108 2390 agat
1132 2343 1313 2394 quantas
1336 2342 1498 2394 potest,
1525 2342 1565 2375 ct
1581 2331 1724 2376 omnia

358 2409 448 2464 ojus
479 2420 569 2448 ossa
605 2401 755 2447 dicant
785 2419 794 2445 :
824 2421 842 2441 «
867 2400 1072 2455 Domine,
1108 2402 1203 2464 quis
1237 2402 1385 2447 similis
1424 2402 1563 2446 tibiss'?
1583 2424 1602 2442 »
1629 2401 1724 2445 Non

357 2477 469 2521 enim
493 2473 689 2518 uberiore
710 2471 855 2517 fructu
880 2471 980 2531 legit
1002 2470 1065 2517 vel
1084 2471 1205 2517 audit
1234 2490 1301 2518 mc
1321 2471 1545 2517 docentem
1566 2487 1614 2516 ac
1639 2469 1724 2516 dis-

405 2573 619 2608 ¹Psat.1„v·=¹‚
637 2571 667 2603 8.
685 2587 729 2592 —-
750 2568 765 2590 2
782 2568 828 2601 ld.
849 2579 912 2607 tw,
937 2571 967 2600 5.
988 2587 1024 2592 —
1053 2566 1066 2590 3
1084 2571 1166 2603 Gen.
1188 2581 1282 2601 xxxix
1297 2594 1304 2604 .
1323 2582 1374 2602 20.
1392 2568 1462 2594 —⁴
1483 2569 1561 2602 Psal.
1582 2578 1643 2611 ew,
1670 2569 1719 2600 18.

356 2648 395 2655 -
413 2626 524 2659 ⁶1b2d.
550 2636 587 2664 ¹9
621 2643 663 2648 -
683 2623 696 2644 θ’
713 2625 759 2657 ld,
781 2633 886 2663 xxxiv,
908 2636 957 2654 ιο,
