1799 3251
572 290 782 327 EP1sr0LA
818 297 908 327 etv.
1352 279 1444 330 235

139 361 237 410 Vll.
273 356 492 420 Quoniam
512 378 613 408 vero
637 372 676 407 te
705 361 964 427 reipublicae
995 363 1153 409 scimus
1174 374 1407 409 amatorem
1429 401 1442 420 ,

77 450 164 481 non
195 430 368 480 aliunde
396 443 481 478 esse
509 428 685 478 beatum
709 430 928 478 hominem
951 471 960 482 ,
986 427 1160 479 aliunde
1193 434 1411 479 civitatem
1431 472 1442 489 ‚

75 505 174 551 vide
187 513 318 568 ‘quam
338 506 390 550 sit
407 497 546 549 inillis
570 504 698 549 sacris
722 497 895 548 Litteris
920 503 1102 551 clarum.
1130 499 1240 550 Nam
1263 505 1446 569 quidam

74 576 121 622 in
141 576 200 621 eis
216 584 364 621 sancto
384 574 549 637 Spiritu
564 573 716 637 plenus
739 573 836 617 haec
857 572 1078 636 loquitur,
1104 587 1249 630 orans,
1266 570 1449 620 «Exime

77 658 98 688 '»
125 654 193 690 me
224 642 277 690 de
301 657 433 689 manu
458 642 646 689 filiorum
674 643 910 688 alienorum
927 681 936 699 ‚
964 656 1149 706 quorun]
1177 662 1222 690 os
1248 645 1450 690 locutum

74 715 99 757 ⁴»
117 726 179 760 est
216 715 479 769 vanitatem,
519 725 560 760 et
594 714 763 779 dextera
795 730 943 759 eorum
983 714 1152 760 dextera
1187 715 1443 778 iniquitatis

76 787 315 842 »Quorum
351 784 430 830 filii
463 782 580 831 velut
617 782 798 830 novellae
827 781 1118 831 constabilitae
1148 786 1193 831 in
1222 789 1450 845 juventute

75 878 97 899 )>
121 865 208 902 sua.
233 855 353 901 Filiae
375 872 522 901 eorum
542 855 813 918 compositae,
829 867 869 900 et
893 866 1057 902 ornatae
1081 856 1193 901 sicut
1212 855 1451 901 similitudo

76 947 98 968 2>
117 925 284 989 templi.
310 925 492 971 Cellaria
507 936 654 970 eorum
677 925 823 988 plena,
845 927 1084 972 eructantia
1107 943 1153 971 ex
1175 925 1323 971 hocin
1343 926 1446 971 hoc.

77 1016 98 1037 »
118 994 236 1042 'Oves
258 1006 409 1041 eorum
434 994 675 1050 foecundae,
699 994 1039 1057 multiplicantes
1063 998 1108 1042 in
1128 996 1310 1041 exitibus
1330 997 1415 1042 suis
1438 1017 1450 1049 3

77 1087 99 1108 ›>
121 1058 254 1112 'bo'ves
286 1082 434 1111 eorum
466 1082 632 1112 crassae.
678 1065 775 1110 Non
802 1076 863 1111 est
902 1067 1029 1112 ruina
1054 1067 1279 1122 maceriae„
1311 1083 1450 1130 neque

59 1158 99 1179 Δ»
122 1137 344 1192 transitus,
368 1151 510 1199 neque
535 1135 700 1181 clamor
715 1136 760 1181 iu
774 1135 928 1199 plateis
951 1155 1116 1184 eorum.
1144 1138 1325 1183 Beatum
1338 1137 1453 1182 dire-

78 1228 100 1248 »
125 1217 228 1252 runt
250 1206 464 1269 populum
485 1243 495 1261 ,
533 1206 605 1251 cui
639 1205 737 1251 haec
762 1217 861 1253 suut
888 1225 898 1252 ε
937 1207 1088 1253 beatus
1112 1207 1305 1271 populus
1331 1211 1456 1267 cujus

83 1298 104 1318 ›>
125 1277 341 1322 Dominus
362 1279 480 1320 Deus
504 1274 687 1338 ipsiusst.
708 1297 728 1317 >³

142 1346 267 1393 VIII.
310 1344 438 1391 Vides
465 1346 790 1405 exaggeratione
816 1358 997 1393 terrenae
1026 1347 1244 1393 felicitatis
1275 1348 1452 1393 beatum

77 1414 293 1481 populum
316 1432 405 1460 nou
426 1414 537 1471 dici,
564 1415 645 1460 nisi
666 1433 686 1460 a
712 1415 813 1461 filiis
834 1417 981 1462 alienis
997 1454 1007 1472 ,
1031 1417 1076 1462 id
1100 1428 1187 1473 est,
1215 1434 1301 1463 non
1325 1417 1456 1480 pcrti-

76 1485 283 1533 nentibus
307 1485 366 1531 ‘ad
398 1486 760 1545 regenerationem
782 1525 792 1543 ‚
816 1504 902 1551 qua
931 1487 1144 1533 efficimur
1172 1487 1252 1533 filii
1279 1487 1357 1533 Dei
1386 1505 1395 1532 :
1432 1505 1455 1532 3

77 1573 266 1622 quorum
284 1569 417 1602 manu
435 1557 511 1602 iste
534 1573 576 1601 se
600 1557 722 1602 eximi
743 1569 972 1620 precatur,
1010 1575 1062 1603 ne
1095 1557 1151 1603 ab
1182 1559 1240 1603 eis
1268 1558 1313 1603 in
1337 1558 1453 1603 hanc

79 1629 329 1692 opinionem
346 1638 473 1691 atque
486 1628 530 1673 111
540 1638 721 1690 peccata
739 1629 874 1692 impia
893 1629 1191 1692 pertrahatur.
1209 1627 1454 1691 Loquendo

78 1699 244 1762 'quippe
267 1697 516 1753 vanitatem,
535 1697 750 1742 «Beatum
772 1697 972 1744 dixerunt
996 1696 1233 1762 populum,
1260 1699 1330 1743 cui
1354 1699 1456 1744 haec

81 1789 102 1810 ))
121 1778 256 1813 sunt»
286 1784 386 1830 quae
417 1784 547 1829 supra
576 1769 957 1824 commemoravit,
991 1769 1151 1831 quibus
1188 1785 1236 1813 ea
1269 1768 1450 1814 felicitas

80 1848 251 1884 constat
268 1873 280 1896 ‚
300 1853 433 1901 quam
462 1838 594 1883 solam
621 1837 844 1883 dilectores
868 1839 1000 1899 hujus
1025 1839 1179 1884 mundi
1201 1839 1445 1902 inquirunt.

81 1910 138 1953 Et
155 1908 252 1954 ideo
272 1930 292 1949 «
316 1904 494 1954 Dextera
520 1924 669 1953 eorum
705 1906 875 1953 dextera
898 1908 1140 1972 iniquitatis
1156 1945 1166 1964 ,
1189 1930 1208 1949 ³>
1230 1908 1332 1972 quia
1356 1908 1454 1954 haec

79 1989 417 2042 praeposuerunt
451 1994 550 2040 quae
581 1976 752 2024 fuerant
775 1978 1078 2041 postponenda
1098 2016 1107 2034 ‚
1135 1979 1247 2024 sicut
1274 1979 1456 2024 sinistrae

81 2049 388 2112 praeponitur‘2
409 2046 592 2094 dextera.
621 2048 664 2093 Si
684 2049 797 2094 enim
815 2049 1036 2094 habentur
1055 2086 1065 2104 ‚
1086 2064 1176 2094 non
1195 2050 1240 2094 in
1255 2049 1312 2094 eis
1329 2049 1456 2095 beata

82 2121 170 2166 vita
193 2119 395 2183 ponenda
421 2130 508 2172 est3
537 2118 712 2164 subdita
738 2137 824 2165 esse
853 2119 1014 2165 debent
1037 2137 1124 2165 non
1146 2119 1362 2182 praedita3
1387 2137 1456 2165 se-

84 2190 261 2254 quentia
279 2225 289 2245 ,
316 2202 402 2235 non
422 2189 641 2236 ducentia.
674 2189 790 2235 Huic
815 2203 958 2235 autem
976 2190 1053 2254 qui
1077 2190 1138 2236 sic
1162 2190 1313 2235 orabat
1332 2227 1342 2246 2
1369 2201 1411 2236 et
1435 2208 1458 2236 a

82 2259 183 2306 filiis
210 2259 355 2305 alienis
377 2297 387 2314 ‚
421 2281 441 2300 «
462 2261 551 2316 Qui
570 2259 747 2306 beatum
771 2261 973 2307 dixerunt
1008 2261 1227 2324 populum
1254 2260 1326 2306 cui
1356 2261 1456 2307 haec

86 2351 107 2373 2>
127 2340 244 2386 sunt,
259 2330 416 2375 »eximi
433 2328 706 2394 discernique
725 2332 945 2395 cupiebat,
967 2342 1176 2394 tanquam
1194 2330 1453 2388 diceremus,

84 2402 184 2464 lpse
198 2399 306 2463 quid
331 2400 488 2446 sentis?
508 2400 651 2457 Quem
670 2401 845 2447 beatum
869 2401 1086 2464 populum
1107 2400 1237 2459 dicis,
1258 2417 1348 2446 nou
1369 2402 1428 2447 ait
1446 2439 1457 2456 ,

85 2473 241 2517 Beatus
274 2470 466 2534 populus
487 2509 498 2527 ‚
540 2475 665 2532 cujus
703 2483 764 2518 est
786 2473 922 2518 virtus
961 2472 1093 2517 animi
1127 2475 1231 2532 ejus.
1269 2472 1400 2528 Quod
1425 2473 1459 2518 si

88 2540 256 2588 dixisset
275 2579 286 2596 ‚
325 2542 593 2588 discrevisset
633 2543 809 2607 quidem
838 2544 965 2590 etiam
1001 2543 1134 2590 istum
1162 2542 1379 2609 populum
1405 2544 1460 2589 ab

137 2627 147 2649 ¹
170 2626 247 2658 Psal.
265 2636 382 2664 cxnm,
404 2637 457 2656 11.
477 2643 521 2650 —-
537 2624 553 2647 2
567 2627 607 2656 Id
618 2635 666 2658 est
678 2650 686 2666 ‚
708 2627 848 2670 praelata.
