1799 3251
307 287 400 344 348
715 303 748 332 s.
792 303 1036 334 mensum
1072 303 1278 334 amscorx

302 382 517 423 rem,reus
535 366 732 413 omnium
752 366 986 414 criminum
998 367 1269 427 judicandus
1285 368 1352 415 sit.
1391 388 1411 410 <‹
1440 368 1678 416 Offendens

305 457 325 480 n
348 438 514 501 quippe
534 437 581 482 in
602 453 710 491 uno,
744 435 883 482 faetus
906 449 968 483 est
988 437 1181 483 omnium
1210 454 1319 485 reuS.
1344 459 1365 480 2>

371 508 447 555 IV.
476 510 532 554 At
548 507 662 553 enim
685 506 759 571 qui
780 524 910 552 unam
936 507 1140 553 virtutem
1161 508 1321 562 habet,
1349 526 1494 555 omnes
1514 509 1674 565 habet,

303 589 344 626 et
373 579 451 642 qui
492 595 623 624 unam
651 595 739 623 non
763 578 898 623 habet
915 613 926 632 ,
960 579 1125 624 nullam
1152 579 1323 625 habet?
1349 580 1445 624 Hoc
1470 580 1504 625 si
1530 597 1680 626 verum

303 661 388 706 est,
409 650 695 695 confirmatur
715 649 793 695 ista
813 650 1034 696 sententia.
1063 649 1149 695 Sed
1172 667 1249 709 ego
1268 667 1362 695 eam
1385 651 1540 714 exponi
1558 650 1675 707 volo,

303 737 390 766 non
425 719 702 773 confirmari3
741 736 841 783 quae
878 736 957 782 per
994 737 1038 765 se
1066 719 1204 782 ipsam
1236 719 1356 782 apud
1375 737 1452 765 nos
1475 720 1681 766 omnibus

301 789 673 854 philosophorum
700 789 1032 835 auctoritatibus
1066 789 1233 834 firmior
1260 800 1336 836 est.
1368 791 1422 834 Et
1442 789 1552 835 illud
1574 790 1681 853 qui-

303 859 401 906 dem
425 859 479 905 de
500 859 737 906 virtutibus
771 870 812 904 et
839 859 952 905 vitiis
972 896 982 913 ,
1016 859 1050 904 si
1073 859 1283 904 veraciter
1303 859 1482 913 dicitur,
1507 876 1596 904 non
1619 861 1683 905 est

299 945 589 992 consequens,
627 939 675 974 ut
714 940 896 992 propter
928 930 1014 974 hoc
1038 929 1184 974 onmia
1208 940 1388 992 peccata
1425 929 1511 974 sint
1534 929 1674 992 paria.

298 999 410 1044 Nam
434 997 546 1044 illud
571 998 624 1044 de
643 999 1016 1060 inseparabilitate
1035 1000 1247 1045 virtutum
1265 1035 1276 1053 ,
1299 999 1375 1043 etsi
1394 998 1575 1044 forsitan
1593 997 1680 1043 fal-

299 1067 383 1122 lor,
406 1078 551 1112 tamen
574 1068 608 1113 si
633 1084 783 1114 verum
802 1068 1000 1124 memini,
1021 1068 1140 1130 quod
1161 1068 1227 1113 vix
1253 1068 1452 1123 memini,
1478 1068 1683 1114 omnibus

299 1137 579 1201 philosophis
615 1137 810 1200 placuit,
847 1138 923 1200 qui
961 1139 1129 1184 easdem
1166 1138 1347 1184 virtutes
1382 1139 1559 1197 agendae
1581 1138 1683 1184 vitae

303 1207 562 1254 necessarias
584 1225 670 1253 esse
687 1208 898 1254 dixerunt.
925 1209 1020 1254 Hoc
1049 1219 1193 1254 autem
1210 1209 1263 1254 de
1279 1208 1499 1271 parilitate
1523 1226 1680 1272 pecca-

305 1289 478 1334 torum,
518 1278 598 1323 soli
637 1278 772 1324 Stoici
805 1279 897 1324 ausi
933 1290 1032 1325 sunt
1074 1279 1298 1342 disputare
1331 1289 1481 1325 contra
1507 1295 1680 1324 omnem

303 1365 472 1395 sensum
493 1348 656 1407 generis
677 1348 859 1394 humani
883 1366 893 1393 :
925 1366 1056 1411 quam
1083 1366 1233 1394 eorum
1259 1349 1494 1394 vanitatem
1528 1349 1574 1393 in
1598 1349 1680 1394 Jo-

301 1418 478 1466 viniano
496 1417 571 1462 illo
588 1455 598 1473 ,
627 1418 705 1481 qui
728 1418 773 1463 in
799 1419 883 1463 hac
907 1419 1116 1464 sententia
1145 1419 1317 1464 Stoicus
1342 1429 1458 1475 erat,
1483 1419 1528 1463 in
1548 1434 1681 1464 aucu-

306 1487 464 1552 pandis
490 1498 633 1533 autem
658 1498 699 1533 et
723 1487 996 1533 defensandis
1018 1488 1322 1551 voluptatibus
1344 1488 1605 1551 EpicureUS,
1627 1487 1682 1533 de

306 1557 544 1621 Scripturis
577 1557 734 1603 sanctis
758 1557 1069 1603 dilucidissime
1096 1557 1324 1603 convicisti
1347 1557 1380 1603 ’1.
1410 1559 1461 1602 In
1493 1574 1578 1620 qua
1609 1567 1683 1603 tua

306 1627 554 1674 suavissima
586 1637 628 1672 et
654 1627 985 1690 praeclarissima
1010 1627 1303 1690 disputatione
1336 1627 1437 1672 satis
1462 1627 1683 1673 evidenter

306 1696 534 1760 apparuit,
572 1713 661 1742 non
683 1697 898 1760 placuisse
922 1698 1173 1743 auctoribus
1195 1696 1372 1754 nostris,
1402 1697 1468 1742 vel
1491 1698 1573 1760 ipsi
1595 1714 1682 1760 poa

308 1767 418 1823 tius,
443 1783 543 1830 quae
565 1784 643 1830 per
665 1785 734 1813 eos
758 1768 903 1813 locuta
927 1778 988 1813 est
1012 1805 1022 1823 ,
1052 1768 1247 1824 veritati,
1275 1769 1420 1812 omnia
1448 1768 1572 1830 paria
1596 1784 1683 1814 esse

308 1847 502 1900 peccata.
531 1837 765 1893 Quomodo
789 1849 930 1884 autem
956 1839 1048 1883 fieri
1072 1839 1225 1901 possit,
1244 1848 1293 1883 ut
1312 1839 1440 1883 etiam
1461 1838 1495 1883 si
1519 1838 1605 1883 hoc
1630 1838 1684 1883 de

305 1906 542 1951 virtutibus
576 1923 727 1952 verum
762 1918 853 1963 est,
887 1925 975 1953 non
1016 1918 1158 1953 tamen
1196 1908 1291 1954 ideo
1325 1925 1531 1967 cogamur
1558 1907 1683 1954 fateri

307 1976 599 2038 aequalitatem
641 1978 837 2023 omnium
874 1988 1154 2040 peccatorum
1181 2015 1190 2032 ,
1235 1989 1446 2041 quantum
1474 1995 1649 2041 possum
1669 2015 1680 2034 ‚

309 2044 544 2103 adjuvante
570 2047 759 2091 Domino
777 2083 788 2102 ‚
826 2047 992 2109 aperire
1010 2048 1202 2093 conabor
1223 2065 1233 2092 ε
1257 2047 1377 2110 quod
1404 2048 1437 2092 si
1471 2049 1649 2093 effecero
1668 2084 1680 2104 ,

309 2115 578 2178 approbabis
599 2133 608 2160 :
637 2116 713 2161 ubi
736 2133 837 2162 vero
857 2133 999 2162 causae
1023 2117 1197 2163 defuero
1213 2155 1223 2172 ,
1250 2128 1294 2163 tu
1319 2118 1560 2181 supplebis.

374 2184 424 2230 V.
465 2185 591 2230 Certe
624 2184 730 2231 hinc
765 2186 1056 2249 persuadent,
1098 2187 1173 2250 qui
1208 2204 1337 2233 unam
1369 2188 1572 2232 virtutem
1598 2187 1685 2232 ha·-

308 2253 455 2299 buerit
477 2253 640 2300 habere
665 2272 810 2302 omnes
828 2293 839 2313 ,
867 2267 908 2301 et
931 2274 1077 2302 omnes
1097 2257 1237 2303 deesse
1255 2258 1326 2303 cui
1350 2275 1436 2303 una
1468 2257 1682 2310 defuerit;

310 2323 431 2387 quod
452 2324 686 2387 prudentia
706 2363 715 2381 ‚
744 2344 822 2372 nec
858 2327 1010 2386 ignava
1027 2364 1036 2382 ,
1066 2345 1144 2373 nec
1165 2328 1323 2388 injusta
1342 2365 1352 2383 ,
1375 2345 1454 2374 nec
1472 2328 1684 2389 intempe-

308 2410 408 2438 rans
433 2404 576 2456 potest
599 2411 685 2440 esse
708 2414 717 2440 :
750 2414 850 2443 nam
880 2398 913 2442 si
940 2397 1105 2460 aliquid
1127 2398 1286 2443 horum
1307 2398 1466 2453 fuerit,
1492 2397 1684 2461 pruden-

306 2462 367 2508 tia
386 2480 474 2509 non
493 2464 587 2511 erit.
619 2466 756 2512 Porro
771 2469 804 2513 si
829 2467 1060 2530 prudentia
1081 2478 1185 2513 tunc
1209 2469 1288 2514 erit
1310 2506 1319 2523 ,
1345 2469 1379 2514 si
1402 2479 1443 2513 et
1460 2468 1583 2513 fortis
1602 2504 1613 2523 ,
1643 2477 1685 2512 et

304 2537 438 2592 justa,
462 2544 504 2579 et
529 2545 770 2599 temperans
790 2539 870 2594 sit,
897 2538 1093 2601 profecto
1114 2539 1191 2585 ubi
1210 2538 1359 2596 fuerit,
1386 2555 1530 2585 secum
1547 2538 1683 2584 habet

356 2619 365 2639 ¹
387 2617 575 2663 Hieronym.
591 2619 622 2652 in
642 2620 698 2654 lib.
721 2633 751 2656 α,
773 2628 857 2654 cont.
879 2621 984 2655 Jovin.
