1799 3251
629 273 839 305 EPISTOLA
875 276 986 305 CLIV.
1410 276 1500 322 229

132 341 359 388 sacerdotii
379 340 684 404 perfectionem
704 377 713 393 ,
745 339 1040 403 philosophiae
1064 339 1286 400 dogmata,
1310 341 1506 387 historiae

130 411 303 473 plenam
336 411 534 456 notitiam
557 447 568 465 ,
613 427 665 455 an
694 409 911 455 facuudiae
941 410 1264 469 Jucu11ditate1u
1289 448 1299 465 ,
1323 426 1422 473 quae
1445 411 1506 457 ita

129 481 352 544 imperitos
374 480 503 526 etiam
530 479 690 525 illicere
725 490 865 542 potest
887 517 898 533 ‚
934 490 980 524 ut
1013 480 1152 525 donec
1177 480 1392 542 explicent
1415 497 1502 525 non

130 550 358 606 desistant,
386 562 427 595 et
451 567 550 596 cum
576 551 910 612 explicaverint,
937 550 1085 595 adhuc
1111 552 1346 613 requirant.
1379 551 1503 596 Cou-

129 621 231 665 victi
268 637 453 684 namque
486 632 585 665 sunt
617 620 894 683 impudenter
925 621 1184 683 pertinaces,
1217 625 1308 680 jam
1342 620 1443 666 inde
1479 639 1502 667 a

126 690 278 744 bonis,
305 707 406 753 quee
432 701 694 745 memorant,
740 691 907 736 saeculis
931 707 1011 753 pro
1047 700 1217 735 nattirae
1249 707 1388 735 reruni
1416 690 1503 735 ob·-

126 760 329 805 scuritate
349 761 576 819 contigisse
600 765 764 823 pejora,
784 761 998 824 falsosque
1017 777 1164 805 omnes
1178 760 1298 805 illitis
1312 759 1502 822 quadam

126 828 357 875 dulcedine
382 829 662 875 felicitatibus
685 831 769 876 suis
788 868 797 885 ,
831 848 904 893 per
931 847 1038 893 quas
1062 846 1149 875 non
1179 830 1233 875 ad
1257 829 1501 875 heatitudi-

127 916 252 953 nem,
295 899 367 944 sed
407 899 459 944 ad
501 911 723 962 praerupta
764 911 864 945 sunt
900 899 1023 945 ducti
1054 917 1064 944 ι
1096 899 1192 944 haec
1229 916 1330 944 vero
1353 909 1502 945 nostra

126 979 348 1031 praecepta
365 1005 375 1024 ‚
404 979 445 1013 et
461 969 670 1032 simplicis
695 970 871 1032 verique
897 969 975 1014 Dei
1000 969 1220 1031 mysteria,
1250 980 1408 1032 praeter
1432 969 1502 1014 vi-

123 1048 210 1082 tam
234 1049 491 1101 perpetuam
518 1055 650 1101 quam
682 1039 921 1103 purissimis
945 1039 1181 1085 virtutibus
1206 1039 1471 1101 pollicentur
1489 1075 1500 1093 ,

122 1108 251 1154 etiam
272 1109 368 1155 haec
386 1108 612 1155 saecularia
633 1121 674 1155 et
698 1110 934 1156 necessario
963 1109 1039 1172 qui
1072 1110 1162 1154 nati
1195 1126 1342 1155 snmus
1366 1126 1499 1155 even-

123 1188 219 1223 tura
255 1179 466 1239 mitigare.
508 1181 560 1224 Et
595 1196 696 1225 usus
730 1197 772 1225 es
806 1179 1072 1225 validissimo
1101 1179 1296 1243 exemplo
1316 1180 1500 1226 recentis

120 1248 377 1294 calamitatis
398 1286 408 1305 ‚
433 1266 522 1312 quo
539 1250 641 1295 licet
670 1251 913 1296 firmissime
937 1267 1110 1295 causam
1137 1251 1398 1306 muniveris,
1426 1260 1498 1295 ta·-

120 1335 216 1364 nien
250 1319 284 1364 si
313 1321 530 1365 utrumvis
563 1321 752 1366 licuisset
776 1358 785 1375 ‚
815 1321 860 1366 id
893 1321 971 1366 tibi
998 1320 1222 1366 nolueram
1249 1321 1490 1380 suffragari.

119 1388 204 1434 Sed
233 1388 408 1451 quando
433 1401 527 1434 orta
563 1390 665 1435 inde
697 1390 835 1435 fuerat
860 1389 1262 1436 convincendorum
1298 1390 1493 1436 stultitiae

116 1458 293 1522 querela
309 1495 320 1514 ‚
337 1475 506 1505 necesse
521 1458 606 1504 fuit
622 1459 724 1505 inde
743 1471 993 1519 argumenta
1015 1460 1207 1505 veritatis
1227 1476 1492 1506 accersere.»

181 1529 263 1574 ΙΙΙ.
283 1550 303 1570 «
322 1529 430 1575 Haec
449 1529 621 1575 interim
635 1541 875 1593 occupatus
897 1530 987 1576 aliis
1005 1530 1138 1586 curis,
1155 1547 1254 1593 quae
1273 1530 1348 1576 etsi
1366 1548 1490 1576 vanae

115 1610 239 1654 sunt,
264 1615 364 1645 cum
386 1617 529 1645 rerum
548 1601 707 1646 exitum
727 1601 968 1661 cogitamus
983 1637 993 1655 ‚
1020 1612 1162 1646 tamen
1188 1601 1310 1664 quasi
1339 1618 1489 1646 neces-

114 1671 236 1716 sariae
257 1687 338 1733 pro
355 1670 560 1716 nascendi
578 1670 833 1717 conditione
852 1708 862 1726 ‚
883 1672 1095 1734 rescripsi.
1131 1671 1174 1716 Si
1200 1671 1336 1716 otium
1359 1671 1488 1717 fuerit

114 1751 155 1785 et
189 1752 402 1803 superstes
426 1740 513 1785 vita
535 1778 545 1796 ‚
576 1741 704 1786 etiam
734 1741 788 1787 de
820 1741 941 1786 ltalia
969 1742 1203 1786 rescribam
1224 1778 1234 1797 ‚
1270 1752 1316 1786 ut
1354 1752 1487 1787 tantae

114 1810 326 1856 doctrinae
350 1826 461 1873 opus
477 1809 634 1856 debitis
651 1847 661 1866 ‚
684 1811 760 1856 etsi
783 1829 869 1857 non
893 1811 1256 1857 satisfacientibus
1281 1828 1485 1858 remune-

114 1890 232 1925 retur
258 1879 422 1926 officiis.
469 1880 736 1926 Incolumem
780 1881 1012 1944 laetamque
1050 1881 1322 1926 sanctitatem
1365 1893 1483 1927 tuam

113 1953 231 1995 Deus
255 1950 530 2013 omnipotens
555 1967 648 1996 aevo
677 1951 918 2011 largissimo
941 1962 1109 1997 tueatur
1131 1988 1140 2006 ‚
1175 1952 1361 1999 Domine
1392 1970 1482 1999 me-

112 2022 195 2065 rito
222 2019 518 2066 desiderabilis
534 2031 575 2066 et
595 2037 693 2067 vere
715 2021 987 2085 suspiciende
1010 2032 1146 2085 pater.
1174 2044 1192 2062 υ
