1799 3251
305 287 394 332 280
703 303 737 334 s.
783 298 1024 337 mausum
1061 306 1276 338 EPISCOPI.

304 383 382 411 uec
403 367 529 413 multi
548 366 636 413 dici
658 381 841 431 possunt
863 407 872 423 ‚
901 371 932 415 si
960 389 1046 417 non
1076 372 1335 435 corporibus
1360 382 1672 426 numerentur3

304 447 351 482 ut
369 437 429 483 ait
449 438 543 501 ipsa
562 441 716 484 veritas
739 440 783 485 in
810 442 1042 501 Evangelio
1064 481 1073 497 ‚
1099 464 1117 483 «
1136 444 1309 488 Possem
1331 461 1480 503 rogare
1501 445 1675 489 Patrem

301 528 320 548 »
341 524 483 553 meum
510 519 556 553 ut
572 508 803 555 duodecim
818 512 926 557 mihi
942 512 1126 572 legiones
1148 513 1408 572 Angelorum
1426 513 1675 560 misisset1.»

304 578 470 622 Deinde
496 595 595 623 cum
618 590 784 625 constet
803 582 1046 627 Samuelem
1072 584 1113 628 in
1136 601 1316 645 corpore
1335 583 1462 628 fuisse
1481 584 1619 628 visum
1634 583 1671 639 2,

302 647 479 709 quaudo
501 649 706 694 excitatus
723 661 782 696 est
802 651 854 696 ad
874 652 1125 714 petitionem
1152 653 1254 697 Saul
1274 670 1283 696 :
1305 663 1344 697 et
1363 653 1539 713 Moysen
1560 689 1570 707 ‚
1593 670 1675 698 cu-

296 720 366 775 J'us
383 734 540 780 corpus
555 719 771 782 sepultum
793 732 853 766 est
874 722 1112 768 secundum
1143 721 1443 782 Evangelium,
1468 722 1675 768 manifes-

300 797 389 831 tum
426 789 478 832 sit
505 788 552 833 in
586 806 768 852 corpore
792 808 889 835 eum
913 793 1074 837 venisse
1101 793 1150 838 ad
1178 793 1413 838 Dominum
1439 793 1483 837 in
1507 805 1670 848 monte,

300 874 401 903 cum
428 860 763 906 constitissent?
791 862 1056 925 Quanquam
1089 875 1130 908 et
1155 864 1199 909 in
1220 863 1490 927 apocryphis
1508 900 1518 918 ‚
1552 873 1594 908 et
1629 864 1675 908 in

297 931 467 976 secretis
505 932 640 994 ipsius
672 935 831 997 Moysi,
859 953 961 998 quae
991 935 1219 1000 Scriptura
1245 947 1359 982 caret
1384 936 1669 991 auctoritate,

296 1011 402 1046 tunc
426 1018 525 1047 cum
554 1003 800 1049 ascenderet
834 1005 878 1049 in
907 1017 1096 1051 montem
1131 1018 1178 1052 ut
1212 1017 1450 1052 moreretur
1469 1043 1479 1062 ,
1506 1006 1548 1051 vi
1571 1022 1673 1051 cor-

294 1071 413 1133 poris
444 1072 659 1128 efficitur,
696 1084 743 1119 ut
771 1075 889 1120 aliud
922 1087 1026 1122 esset
1049 1077 1166 1139 quod
1210 1089 1334 1122 terrae
1366 1076 1671 1132 mandaretur,

295 1141 414 1186 aliud
448 1142 566 1205 quod
604 1143 766 1203 Angelo
799 1145 1025 1191 comitanti
1058 1147 1308 1193 sociaretur.
1353 1146 1437 1192 Sed
1462 1163 1549 1191 non
1574 1146 1675 1191 satis

295 1222 417 1271 urget
438 1230 504 1258 me
523 1214 885 1277 apocryphorum
903 1217 1109 1279 praeferre
1132 1217 1413 1274 sententiam,
1439 1216 1521 1262 illis
1544 1234 1676 1278 supe-

294 1282 482 1328 rioribus
506 1285 633 1330 rebus
654 1285 856 1333 definitis.
884 1287 1134 1333 Videndum
1155 1306 1254 1349 ergo
1270 1326 1279 1344 ‚
1308 1300 1349 1333 et
1375 1288 1461 1333 sive
1483 1288 1677 1333 auctori·-

298 1365 380 1399 tate
399 1355 485 1400 sive
514 1356 679 1401 ratione
697 1356 993 1416 indagandum
1015 1359 1134 1421 quod
1156 1359 1385 1423 quaeritur.
1415 1358 1500 1403 Sed
1519 1358 1679 1404 dicitur

298 1425 416 1488 quod
444 1427 696 1472 resurrectio
726 1427 873 1474 futura
908 1430 1104 1474 ostendat
1126 1447 1216 1475 eam
1243 1430 1359 1475 omni
1395 1446 1577 1492 corpore
1603 1447 1678 1475 ca-

297 1496 442 1543 ruisse.
483 1497 569 1542 Nec
588 1498 686 1542 satis
708 1498 915 1561 impedit,
939 1500 1297 1562 quandoquidem
1316 1500 1377 1545 illi
1400 1499 1550 1559 Angeli
1570 1537 1580 1555 ,
1603 1500 1680 1563 qui

296 1566 533 1611 invisibiles
558 1568 685 1612 ctiam
710 1579 812 1613 sunt
830 1606 839 1624 ,
879 1586 980 1614 cum
1014 1571 1273 1633 corporibus
1298 1588 1506 1633 apparere
1536 1570 1682 1615 voluc-

301 1649 400 1683 runt
425 1675 434 1693 ,
464 1648 505 1682 et
532 1638 690 1693 videri,
722 1649 762 1683 et
782 1656 1076 1703 quaecumque
1094 1641 1166 1686 illa
1188 1641 1344 1704 positio
1365 1657 1599 1703 corporum
1614 1642 1682 1697 sit,

300 1725 445 1753 corum
466 1708 692 1771 spiritibus
712 1707 841 1768 digna
864 1747 872 1763 ,
895 1720 1036 1755 tamen
1059 1722 1361 1774 apparuerunt
1387 1711 1437 1755 ad
1459 1711 1681 1756 Abraham

298 1789 339 1824 ct
364 1779 416 1824 ad
458 1779 643 1824 'sobiam
660 1778 692 1825 4.
732 1781 794 1824 lta
832 1781 922 1826 ficri
959 1792 1096 1844 potest
1135 1793 1179 1827 ut
1213 1784 1468 1827 resurrectio
1505 1780 1682 1844 quidem

299 1850 439 1894 carnis
472 1850 618 1904 istius,
652 1867 752 1913 quae
789 1851 898 1896 hono
935 1851 1128 1897 creditur
1165 1851 1310 1897 futura
1345 1852 1425 1907 sit,
1460 1862 1598 1896 tamen
1625 1851 1684 1895 sic.

302 1922 444 1967 anima
471 1919 543 1965 illa
565 1919 791 1977 reddatur,
815 1932 862 1966 ut
887 1940 1070 1985 corpore
1089 1924 1234 1986 aliquo
1254 1940 1477 1986 nunquam
1500 1921 1685 1967 caruis-e

304 1991 557 2054 reperiatur.
587 1992 701 2036 Cum
726 1993 840 2037 enim
861 2009 906 2037 ex
926 2004 1115 2056 quatuor
1132 1993 1351 2038 elementis
1371 2009 1528 2056 corpus
1543 1994 1685 2055 ipsum

305 2073 493 2116 constet,
519 2078 653 2107 unum
685 2062 859 2108 videtur
885 2064 1080 2110 amittere
1105 2064 1296 2110 calidum
1323 2064 1516 2118 scilicet,
1545 2080 1645 2109 cum
1666 2081 1687 2109 e

308 2151 490 2198 corpore
516 2134 597 2178 isto
622 2133 803 2193 migrare
831 2134 1044 2182 videatur.
1085 2137 1195 2181 Nam
1236 2146 1424 2181 remanet
1449 2134 1570 2198 quod
1599 2145 1688 2181 ter-

310 2222 460 2250 renum
478 2215 536 2249 cst
554 2241 564 2259 ‚
592 2214 632 2249 ct
656 2204 800 2268 liquor
825 2223 912 2250 non
931 2206 1073 2261 deest,
1103 2224 1180 2252 nec
1197 2206 1368 2266 frigidae
1392 2207 1582 2252 niatcriae
1601 2205 1688 2251 ele-

314 2287 506 2321 mentum
527 2276 646 2320 abest
667 2293 676 2319 :
712 2276 849 2320 solum
883 2276 943 2322 illi
968 2278 1167 2322 eximitur
1195 2278 1385 2323 calidum
1407 2298 1418 2332 3
1441 2277 1559 2341 quod
1579 2277 1689 2323 forte

311 2364 455 2392 secum
483 2346 572 2409 ipse
600 2347 768 2391 animus
797 2347 956 2398 trahit,
988 2349 1019 2393 si
1050 2348 1102 2393 dc
1126 2348 1222 2393 loco
1255 2349 1306 2394 ad
1340 2349 1485 2394 locum
1514 2348 1682 2408 migrat.

315 2418 410 2463 Hoc
430 2417 600 2462 interim
627 2416 680 2462 ‹le
701 2435 883 2481 corpore
907 2418 1138 2465 dixerim.»

381 2489 478 2533 Vll.
511 2509 529 2525 «
553 2487 735 2533 'Videtur
766 2506 938 2552 quoque
968 2489 1075 2534 mihi
1097 2526 1108 2545 ,
1139 2489 1256 2552 quod
1282 2491 1314 2535 si
1341 2490 1384 2535 in
1404 2506 1586 2553 corpore
1606 2506 1691 2552 po-

360 2587 683 2627 ¹31at¹lisxvi‚53.
708 2606 750 2612 ——
771 2586 784 2609 ²
809 2591 1052 2631 zizeg..xxx-111,
1076 2596 1126 2626 13.
1143 2608 1182 2613 —-
1200 2587 1213 2612 3
1236 2589 1348 2622 Mariti.
1365 2600 1444 2628 xvir,
1466 2591 1496 2622 3.
1518 2606 1560 2611 ——
1577 2585 1588 2610 ⁴
1606 2591 1689 2621 Gen.

313 2650 501 2682 xx111‚2,et
524 2641 683 2680 Tol›.x1¹2
711 2644 759 2674 15.
