1799 3251
283 295 374 360 376
705 311 740 340 s,
784 309 1027 339 Auoosrmi
1065 308 1266 340 EPISCOPI

285 378 576 442 {equalitatem
596 379 684 436 jam
710 385 811 422 nato
838 373 1009 420 addidit
1032 395 1043 428 ;
1070 374 1141 420 sed
1170 373 1383 434 gignendo
1401 391 1492 421 eam
1514 373 1652 433 dedit,

286 449 388 512 quia
421 447 633 511 {equalem
656 463 741 491 non
771 445 981 508 imparem
1006 444 1166 504 genuit.
1199 443 1302 489 Ideo
1340 445 1385 490 in
1413 444 1550 491 forma
1576 447 1656 493 Dei

285 519 496 583 aequalem
546 533 632 562 esse
686 518 776 563 Deo
796 552 807 572 ,
851 533 938 561 non
982 515 1020 560 ei
1058 516 1211 578 rapina
1254 514 1421 572 fuerat,
1463 515 1535 562 secl
1572 534 1656 563 na-

284 589 410 636 tura‘l
435 609 445 642 ;
474 588 680 653 quoniam
702 586 747 632 id
766 585 982 632 nascendo
1008 585 1222 650 sumpsit,
1250 602 1336 631 uon
1362 586 1654 650 superbiendo

281 659 577 724 praesumpsit.

350 731 427 777 IX.
456 731 691 792 Propterea
716 745 818 775 vero
841 729 1016 774 Patrem
1049 727 1157 773 dicit
1184 744 1270 773 esse
1291 731 1497 788 majorem
1516 765 1528 785 ,
1551 728 1655 792 quia

281 803 485 865 seipsum
508 799 769 855 exinanivit,
800 798 983 844 formam
1009 798 1117 844 servi
1142 798 1357 862 accipiens
1378 836 1389 855 ‚
1419 816 1506 845 non
1531 799 1654 845 amit-

280 883 371 918 tens
401 872 477 917 Dei
504 889 514 916 :
543 881 724 934 propter
748 886 879 933 quam
903 869 1089 915 formam
1114 869 1240 926 servi,
1267 886 1356 915 non
1383 880 1549 916 tantum
1568 870 1651 915 Pa-

284 956 374 1000 tre,
398 959 549 989 verum
573 942 703 987 etiam
730 958 770 986 se
796 941 891 1004 ipso
915 951 956 986 et
979 941 1147 1004 Spiritu
1179 950 1326 986 sancto
1349 940 1491 987 minor
1514 939 1655 987 factus

284 1027 345 1062 est
370 1034 380 1061 :
408 1032 485 1060 nec
510 1024 676 1059 tantum
696 1013 780 1058 hac
805 1012 1158 1058 excellentissima
1182 1011 1409 1069 Trinitate,
1431 1011 1503 1058 sed
1527 1012 1657 1058 etiam

284 1087 526 1133 minoratus
550 1094 611 1128 est
634 1083 768 1145 paulo
794 1083 935 1128 minus
963 1083 1017 1128 ab
1050 1082 1248 1142 Angeli53
1274 1082 1529 1128 hominibus
1551 1100 1659 1145 quo-

287 1175 370 1221 que
388 1156 531 1202 minor
551 1154 634 1200 fuit
654 1192 663 1211 ,
690 1154 867 1217 quando
891 1154 1148 1216 parentibus
1171 1153 1372 1199 subditus
1392 1153 1488 1201 suit.
1518 1156 1661 1217 Prop-

282 1240 346 1274 ter
370 1228 486 1273 hanc
505 1225 656 1288 utique
679 1225 863 1270 formam
887 1224 1014 1280 servi,
1031 1240 1160 1286 quam
1179 1224 1372 1269 veniente
1388 1223 1658 1287 plenitudine

286 1298 492 1362 temporis
526 1296 768 1342 exinanitus
796 1295 965 1358 accepit
987 1332 997 1350 ‚
1040 1294 1177 1350 dixit,
1217 1315 1237 1335 «
1265 1295 1392 1340 Pater
1429 1299 1568 1355 major
1590 1312 1659 1341 me

282 1380 377 1415 »est
395 1369 429 1415 2.
465 1390 485 1409 n
523 1372 702 1429 Propter
727 1366 845 1412 illam
875 1367 1061 1412 formam
1086 1382 1218 1424 verO,
1245 1382 1376 1429 quam
1399 1383 1478 1412 nec
1512 1367 1662 1412 exina=

283 1441 399 1486 nitus
426 1438 591 1493 amisit,
630 1437 764 1492 dixit,
797 1458 816 1477 c<
838 1438 928 1496 Ego
953 1447 994 1482 ct
1028 1437 1156 1481 Pater
1180 1452 1317 1482 unum
1339 1437 1518 1482 sumus3
1537 1475 1548 1494 ‚
1568 1459 1587 1480 υ
1620 1448 1662 1483 et

284 1511 419 1556 homo
454 1507 618 1554 scilicet
645 1507 811 1563 factus,
845 1517 885 1552 et
916 1523 1174 1570 permanens
1200 1507 1328 1552 Deus.
1368 1507 1512 1552 Homo
1547 1509 1662 1553 enim

285 1589 530 1642 assumptus
562 1589 623 1623 est
657 1596 678 1623 a
714 1578 830 1632 Deo,
870 1595 958 1623 non
996 1577 1038 1622 in
1079 1577 1259 1622 homine
1292 1588 1576 1641 consumptus
1600 1589 1663 1624 est

285 1654 415 1697 Deus.
444 1650 546 1695 Ideo
573 1649 699 1695 valde
722 1648 1039 1694 rationabiliter
1067 1659 1108 1694 et
1138 1651 1264 1694 Patre
1285 1649 1429 1694 minor
1448 1660 1510 1695 est
1526 1649 1663 1696 homo

286 1722 487 1768 Christus
504 1757 515 1776 ,
543 1731 584 1765 et
615 1719 734 1765 Patri
758 1719 936 1782 aequalis
959 1729 1019 1764 est
1045 1718 1158 1764 idem
1183 1719 1275 1782 ipse
1303 1720 1416 1764 Deus
1440 1719 1655 1768 Christus.

350 1794 404 1840 X.
438 1793 549 1837 Cum
571 1791 701 1851 igitur
728 1790 834 1835 huic
857 1800 986 1836 rectae
1007 1801 1137 1852 atque
1158 1788 1389 1835 catholicae
1423 1790 1523 1836 fidei
1546 1808 1659 1854 prae·

286 1863 477 1910 sentibus
496 1861 620 1907 nobis
641 1877 741 1906 cum
765 1877 919 1919 magna
937 1860 1199 1906 exultatione
1222 1859 1378 1922 populi
1404 1860 1483 1905 Dei
1504 1877 1664 1906 conso-

290 1935 450 1981 ciatum
485 1943 522 1977 te
542 1949 627 1977 esse
651 1931 913 1991 gaudeamus
934 1969 944 1987 ,
968 1948 1102 1994 quare
1129 1930 1276 1976 adhuc
1301 1931 1354 1976 de
1372 1941 1544 1977 tuorum
1568 1949 1664 1991 seg-

288 2006 394 2051 nitia
428 2003 566 2049 tristes
599 2006 782 2048 sumus?
821 2002 1112 2047 Obsecramus
1142 2012 1182 2047 tc
1217 2019 1293 2064 per
1324 2002 1664 2049 misericordiam

291 2076 397 2131 Dei,
424 2084 473 2119 ut
495 2074 590 2136 ipso
623 2073 856 2132 adjuvante
883 2072 1048 2118 auferas
1079 2073 1207 2118 istum
1234 2089 1465 2119 moerorem
1485 2073 1538 2119 de
1562 2091 1665 2120 cor-

293 2147 422 2193 dibus
447 2144 617 2190 nostris.
657 2144 806 2207 Neque
830 2143 943 2188 enim
972 2143 1238 2189 credendum
1272 2155 1333 2189 est
1364 2144 1663 2190 auctoritatem

293 2229 411 2263 tuam
432 2215 485 2261 ad
508 2215 831 2278 perversitatem
850 2225 1023 2260 tuorum
1046 2214 1285 2277 plurimum
1301 2214 1439 2260 valere
1459 2216 1662 2278 potuisse,

294 2299 337 2334 et
357 2287 410 2333 ad
435 2286 744 2332 correctionem
769 2285 907 2332 valere
928 2285 1052 2330 nihil.
1076 2290 1143 2330 An
1163 2285 1272 2331 forte
1293 2296 1579 2332 contemnunt
1596 2297 1635 2332 te
1651 2324 1662 2343 ‚

293 2359 394 2423 quia
421 2358 465 2403 in
502 2356 706 2402 Ecclesiae
739 2356 970 2402 catholicae
993 2356 1373 2419 participationem
1413 2357 1498 2403 hac
1540 2369 1666 2404 aetate

294 2428 476 2483 venisti,
505 2444 604 2473 cum
636 2438 674 2472 te
709 2426 893 2490 amplius
911 2426 1096 2473 debeant
1122 2427 1348 2479 admirari,
1383 2438 1512 2491 atque
1532 2446 1664 2474 vene-

293 2500 397 2555 rari,
420 2499 521 2562 quia
536 2498 871 2543 vetustissimum
888 2515 1072 2544 errorem
1099 2497 1220 2543 senili
1239 2497 1667 2561 quadamjuventute

294 2570 435 2616 vicisti
451 2573 468 2615 '9
495 2568 619 2614 Absit
644 2578 690 2613 ut
711 2568 907 2613 resistant
928 2568 1009 2613 tibi
1035 2585 1131 2614 vera
1148 2567 1329 2624 dicenti,
1353 2569 1424 2614 cui
1443 2585 1665 2615 consense-

343 2655 350 2674 ¹
373 2652 486 2695 Philip.
509 2663 546 2691 rr:
567 2655 598 2681 s».
622 2668 660 2672 —
676 2650 690 2671 ‘J
706 2654 732 2681 J.
747 2662 802 2683 an,
821 2662 884 2688 xiv,
903 2649 1109 2685 23—131d·
1127 2662 1160 2695 x,
1186 2653 1240 2684 χο.
