1799 3251
634 270 847 302 EmsronA
884 271 998 302 chx.
1409 258 1500 321 993

130 338 165 384 si
181 339 422 403 exemplum
434 339 741 403 poscitur,n011
749 338 829 384 erit
845 337 1073 398 singulare.
1090 338 1291 386 Etvisum
1303 351 1362 386 est
1373 358 1496 404 posse

131 408 185 455 de
208 410 325 456 omni
357 409 580 456 nativitate
596 447 607 465 ‚
632 419 673 454 et
701 408 891 454 hominis
914 406 982 454 vel
1010 409 1243 469 cujuslibet
1267 411 1499 458 animantis

129 478 196 526 vel
218 480 388 526 seminis
407 479 489 525 tale
510 480 675 543 aliquid
689 479 793 526 dici.
811 478 856 524 Si
877 479 986 524 ratio
1003 480 1117 526 enim
1140 484 1229 540 eJus
1249 492 1491 544 quaeratur,

127 566 214 597 non
232 550 532 611 indagabitur,
560 562 601 595 et
621 551 772 613 utique
792 550 873 595 erit
893 549 1091 613 mirabile
1112 569 1122 596 :
1142 562 1183 596 et
1202 553 1234 597 si
1251 552 1496 616 exemplum

124 632 333 683 poscatur
348 659 359 678 ‚
386 622 489 686 quia
509 621 619 668 nihil
644 622 725 667 tale
745 621 799 666 sit
831 621 874 666 in
903 621 1104 682 exemplis
1120 659 1130 678 ‚
1158 623 1238 668 erit
1261 623 1488 683 singulare.

122 692 272 755 Neque
288 693 401 738 enim
419 693 517 756 quis
535 701 772 738 conventns
787 691 870 737 viri
884 701 925 736 et
941 690 1154 746 foeminae,
1175 693 1243 738 vel
1257 693 1494 754 cujuslibet

122 763 422 826 conceptionis
454 762 714 826 aliquando,
741 761 862 825 quod
894 761 940 807 in
963 772 1124 808 secreto
1147 761 1361 809 formatur
1380 799 1390 818 ‚
1421 780 1496 809 ra-

121 832 237 878 tione
259 833 420 897 poterit
443 833 599 897 exponi
621 851 631 878 :
664 843 737 878 aut
760 849 859 878 vero
884 831 1093 877 seminum
1113 850 1164 878 ex
1181 843 1291 879 terra
1310 849 1493 879 nascen-

119 902 230 948 tium
246 940 256 958 ‚
291 904 494 967 primitus
518 902 859 967 putrescentium
877 938 887 957 ,
924 912 1073 966 postea
1097 903 1459 949 fructificantium
1480 940 1490 959 ‚

118 971 207 1018 ulla
237 974 346 1019 ratio
377 974 636 1020 invenietur.
669 974 767 1018 Non
800 973 912 1018 enim
939 983 980 1018 et
999 973 1084 1019 hoc
1106 973 1302 1018 mirabile
1322 991 1411 1019 non
1434 984 1497 1019 est

117 1058 306 1089 vermem
341 1061 478 1090 unum
511 1044 601 1090 sine
637 1043 726 1089 ullo
761 1054 966 1106 parente,
1008 1044 1042 1088 si
1070 1043 1123 1089 ad
1155 1044 1496 1103 singularitatem

117 1112 282 1176 aliquid
305 1116 551 1178 requiratur
573 1152 583 1171 ,
605 1115 719 1159 intra
739 1131 922 1177 pomum
940 1114 1132 1174 virgineo
1152 1125 1369 1178 conceptu
1401 1114 1494 1160 for-

115 1194 281 1230 matum
304 1221 314 1241 ,
339 1185 580 1248 perfectum
607 1184 830 1231 inveniri?
857 1184 972 1230 unde
1006 1184 1060 1230 ad
1091 1185 1333 1248 exemplum
1375 1185 1497 1231 arbi·-

113 1265 206 1300 tror
228 1255 396 1301 dictum
414 1293 424 1312 ,
454 1277 473 1297 c<
494 1258 585 1316 Ego
605 1255 762 1301 vermis
783 1266 824 1300 et
857 1273 945 1300 non
971 1255 1149 1303 homo1.
1177 1277 1196 1298 n
1221 1257 1281 1301 De
1300 1273 1494 1319 concep-

112 1325 304 1372 tionibus
329 1344 427 1387 ergo
445 1327 531 1373 sive
550 1330 887 1386 conjunctorum
910 1327 996 1372 sive
1018 1327 1301 1387 singularium
1319 1365 1328 1382 ‚
1349 1326 1490 1372 nescio

109 1412 312 1459 quaenam
335 1399 470 1460 possit
491 1397 601 1443 ratio
632 1396 840 1442 exhiberi.
874 1397 972 1441 Non
997 1413 1097 1456 ergo
1125 1396 1178 1441 de
1204 1396 1491 1459 conceptione

107 1468 286 1527 Virginis
320 1479 493 1514 tantum
519 1486 605 1514 non
636 1467 835 1513 redditur
853 1504 862 1522 ‚
900 1467 973 1513 sed
998 1467 1050 1513 de
1073 1467 1192 1513 nulla
1216 1467 1394 1531 quidem
1425 1484 1489 1513 ar-

109 1537 250 1583 bitror
267 1542 551 1602 conceptione
577 1555 701 1601 posse
715 1537 902 1601 persolvi
927 1538 1152 1585 rationem.
1171 1559 1190 1580 2)

174 1609 234 1655 ll.
268 1630 288 1651 <‹
310 1609 355 1655 Si
381 1609 625 1673 exemplum
646 1608 843 1672 poscitur
863 1626 874 1653 t
908 1609 1021 1654 Ecce
1041 1619 1082 1653 et
1101 1608 1154 1654 de
1173 1619 1301 1655 vento
1321 1608 1484 1654 dicun-

107 1690 180 1724 tur
195 1696 319 1743 equae
336 1717 346 1735 ‚
387 1691 429 1725 et
453 1679 506 1725 de
541 1680 682 1726 cinere
716 1678 888 1739 gallinae
905 1716 915 1733 ‚
951 1689 993 1724 et
1018 1679 1072 1724 de
1100 1697 1212 1743 aqna
1244 1690 1415 1735 anates,
1442 1689 1485 1725 et

106 1749 188 1795 alia
212 1750 422 1796 nonnulla
448 1749 666 1805 animalia,
685 1750 774 1796 sine
794 1749 909 1794 virili
928 1749 1104 1805 semine2
1127 1749 1258 1796 foetus
1278 1750 1481 1814 proprios

104 1822 240 1870 edere.
275 1823 401 1868 Certe
429 1823 461 1868 si
486 1824 666 1882 integrae
694 1839 784 1867 non
808 1821 1000 1867 reddunt
1022 1860 1033 1878 ,
1057 1834 1202 1869 tamen
1221 1834 1403 1887 possunt
1421 1823 1479 1868 il-

102 1892 252 1938 libatae
275 1893 532 1956 concipere:
557 1891 780 1956 quomodo
799 1908 898 1952 ergo
909 1893 1109 1955 ponitur,
1130 1914 1149 1935 «
1170 1893 1216 1939 Si
1235 1894 1480 1958 exemplum

102 1963 297 2027 poscitur
315 2001 325 2020 ‚
352 1981 440 2009 non
459 1967 539 2010 erit
557 1964 771 2024 singulare
793 1999 802 2018 ,
823 1984 843 2003 »
866 1963 1045 2026 quando
1065 1975 1129 2010 tot
1157 1965 1349 2028 exempla
1370 1982 1479 2029 pro-

100 2034 294 2081 cedunt?
315 2036 446 2082 Nasci
464 2036 593 2081 etiam
611 2036 655 2081 in
676 2034 956 2097 corporibus„
984 2053 1071 2081 non
1089 2036 1229 2083 solum
1246 2036 1477 2093 foemineis,

99 2107 381 2152 verumetiam
401 2106 611 2161 virorum,
638 2106 897 2151 intrinsecus
920 2105 1043 2162 dico,
1073 2107 1278 2170 quaedam
1313 2107 1478 2153 anima-

97 2177 182 2233 lia,
218 2187 373 2222 notum
412 2187 474 2222 est
509 2176 713 2222 omnibus
746 2193 756 2220 ε
786 2176 1003 2240 numquid
1027 2187 1069 2223 et
1102 2178 1165 2223 ibi
1202 2195 1348 2223 semen
1373 2177 1477 2224 facit

97 2247 458 2310 conceptionem?
483 2248 598 2293 Ecce
621 2246 815 2309 exempla
831 2283 841 2302 ,
865 2263 968 2292 ecce
991 2247 1218 2303 miracula,
1247 2247 1475 2311 dequibus

96 2318 206 2364 ratio
228 2317 472 2364 nullatenus
498 2318 709 2364 redditur.
738 2321 826 2362 Aut
851 2316 885 2362 si
918 2317 972 2362 ad
1009 2317 1095 2363 hoc
1126 2318 1340 2375 redditur,
1370 2319 1474 2382 quia

94 2389 140 2434 in
163 2388 328 2449 virgine
360 2388 536 2434 homine
573 2387 685 2433 nihil
723 2387 805 2433 tale
834 2404 1028 2450 unquam
1053 2389 1290 2449 contingit3
1331 2399 1473 2435 tamen

94 2469 194 2505 sunt
218 2458 412 2522 exempla
451 2459 495 2504 in
519 2459 610 2505 aliis
644 2475 789 2505 rerum
824 2457 990 2502 naturis
1008 2494 1020 2514 ,
1056 2458 1160 2522 quia
1194 2470 1294 2505 nata
1317 2470 1358 2504 et
1382 2460 1472 2505 sine

94 2529 330 2576 seminibus
360 2530 701 2595 concipiuntur,
733 2546 778 2575 ex
810 2528 974 2592 quibus
1001 2530 1174 2592 penitus
1200 2530 1309 2577 ratio
1342 2529 1466 2576 reddi

142 2613 153 2634 ¹
174 2611 254 2645 Psal.
275 2623 353 2656 xxi,
373 2623 404 2652 7.
