<?xml version="1.0" encoding="UTF-8"?>
<!DOCTYPE html PUBLIC "-//W3C//DTD XHTML 1.0 Transitional//EN"
    "http://www.w3.org/TR/xhtml1/DTD/xhtml1-transitional.dtd">
<html xmlns="http://www.w3.org/1999/xhtml" xml:lang="en" lang="en">
 <head>
  <title>
</title>
<meta http-equiv="Content-Type" content="text/html;charset=utf-8" />
  <meta name='ocr-system' content='tesseract 3.04.00' />
  <meta name='ocr-capabilities' content='ocr_page ocr_carea ocr_par ocr_line ocrx_word'/>
</head>
<body>
  <div class='ocr_page' id='page_1' title='image "./operaomniaaccura40auguuoft/operaomniaaccura40auguuoft_0395.png"; bbox 0 0 1799 3251; ppageno 0'>
   <div class='ocr_carea' id='block_1_1' title="bbox 565 327 1480 373">
    <p class='ocr_par' dir='ltr' id='par_1_1' title="bbox 565 327 1480 373">
     <span class='ocr_line' id='line_1_1' title="bbox 565 327 1480 373; baseline 0.011 -10"><span class='ocrx_word' id='word_1_1' title='bbox 565 333 775 364; x_wconf 69' lang='lat' dir='ltr'>nrisToLA</span> <span class='ocrx_word' id='word_1_2' title='bbox 811 334 994 367; x_wconf 77' lang='lat' dir='ltr'>ctxxm.</span> <span class='ocrx_word' id='word_1_3' title='bbox 1389 327 1480 373; x_wconf 79' lang='lat'>385</span> 
     </span>
    </p>
   </div>
   <div class='ocr_carea' id='block_1_2' title="bbox 79 398 1487 2596">
    <p class='ocr_par' dir='ltr' id='par_1_2' title="bbox 113 398 1483 660">
     <span class='ocr_line' id='line_1_2' title="bbox 114 398 1482 466; baseline 0.008 -21"><span class='ocrx_word' id='word_1_4' title='bbox 114 399 256 446; x_wconf 88' lang='lat' dir='ltr'>minus</span> <span class='ocrx_word' id='word_1_5' title='bbox 270 416 356 445; x_wconf 90' lang='lat' dir='ltr'>non</span> <span class='ocrx_word' id='word_1_6' title='bbox 379 398 508 445; x_wconf 85' lang='lat' dir='ltr'>debet</span> <span class='ocrx_word' id='word_1_7' title='bbox 528 400 813 464; x_wconf 64' lang='lat' dir='ltr'>praejudicare</span> <span class='ocrx_word' id='word_1_8' title='bbox 848 401 1072 449; x_wconf 83' lang='lat' dir='ltr'>Caeciliani</span> <span class='ocrx_word' id='word_1_9' title='bbox 1097 420 1294 466; x_wconf 83' lang='lat' dir='ltr'>persona,</span> <span class='ocrx_word' id='word_1_10' title='bbox 1317 408 1482 456; x_wconf 85' lang='lat' dir='ltr'>etiamsi</span> 
     </span>
     <span class='ocr_line' id='line_1_3' title="bbox 113 469 1483 534; baseline 0.008 -19"><span class='ocrx_word' id='word_1_11' title='bbox 113 469 218 515; x_wconf 80' lang='lat' dir='ltr'>mali</span> <span class='ocrx_word' id='word_1_12' title='bbox 248 470 412 534; x_wconf 87' lang='lat' dir='ltr'>aliquid</span> <span class='ocrx_word' id='word_1_13' title='bbox 450 471 495 516; x_wconf 90' lang='lat' dir='ltr'>in</span> <span class='ocrx_word' id='word_1_14' title='bbox 534 470 608 517; x_wconf 89' lang='lat' dir='ltr'>illo</span> <span class='ocrx_word' id='word_1_15' title='bbox 635 482 738 517; x_wconf 85' lang='lat' dir='ltr'>esset</span> <span class='ocrx_word' id='word_1_16' title='bbox 769 472 1023 530; x_wconf 84' lang='lat' dir='ltr'>inventum,</span> <span class='ocrx_word' id='word_1_17' title='bbox 1073 474 1284 522; x_wconf 75' lang='lat' dir='ltr'>universae</span> <span class='ocrx_word' id='word_1_18' title='bbox 1325 480 1483 528; x_wconf 85' lang='lat' dir='ltr'>unitati</span> 
     </span>
     <span class='ocr_line' id='line_1_4' title="bbox 114 539 1476 610; baseline 0.008 -25"><span class='ocrx_word' id='word_1_19' title='bbox 114 539 295 596; x_wconf 81' lang='lat' dir='ltr'><strong>Christi,</strong></span> <span class='ocrx_word' id='word_1_20' title='bbox 316 558 416 605; x_wconf 81' lang='lat' dir='ltr'>quae</span> <span class='ocrx_word' id='word_1_21' title='bbox 448 559 536 587; x_wconf 91' lang='lat' dir='ltr'>non</span> <span class='ocrx_word' id='word_1_22' title='bbox 568 542 614 588; x_wconf 91' lang='lat' dir='ltr'>in</span> <span class='ocrx_word' id='word_1_23' title='bbox 634 541 721 588; x_wconf 80' lang='lat' dir='ltr'>ulla</span> <span class='ocrx_word' id='word_1_24' title='bbox 743 542 844 589; x_wconf 83' lang='lat' dir='ltr'>villa</span> <span class='ocrx_word' id='word_1_25' title='bbox 869 545 1136 604; x_wconf 82' lang='lat' dir='ltr'>Mutugenna</span> <span class='ocrx_word' id='word_1_26' title='bbox 1176 547 1476 610; x_wconf 64' lang='lat' dir='ltr'>concluditur,</span> 
     </span>
     <span class='ocr_line' id='line_1_5' title="bbox 113 610 962 660; baseline 0.004 -4"><span class='ocrx_word' id='word_1_27' title='bbox 113 610 187 657; x_wconf 87' lang='lat' dir='ltr'>sed</span> <span class='ocrx_word' id='word_1_28' title='bbox 206 621 297 657; x_wconf 84' lang='lat' dir='ltr'>toto</span> <span class='ocrx_word' id='word_1_29' title='bbox 320 622 530 659; x_wconf 87' lang='lat' dir='ltr'>terrarum</span> <span class='ocrx_word' id='word_1_30' title='bbox 545 613 649 658; x_wconf 89' lang='lat' dir='ltr'>orbe</span> <span class='ocrx_word' id='word_1_31' title='bbox 673 612 962 660; x_wconf 63' lang='lat' dir='ltr'>diffunditur?</span> 
     </span>
    </p>

    <p class='ocr_par' dir='ltr' id='par_1_3' title="bbox 91 681 1487 1861">
     <span class='ocr_line' id='line_1_6' title="bbox 178 681 1481 753; baseline 0.008 -26"><span class='ocrx_word' id='word_1_32' title='bbox 178 681 302 729; x_wconf 86' lang='lat' dir='ltr'><strong>VIII.</strong></span> <span class='ocrx_word' id='word_1_33' title='bbox 334 682 416 728; x_wconf 87' lang='lat' dir='ltr'>Sed</span> <span class='ocrx_word' id='word_1_34' title='bbox 441 701 539 729; x_wconf 89' lang='lat' dir='ltr'>ecce</span> <span class='ocrx_word' id='word_1_35' title='bbox 562 683 741 729; x_wconf 85' lang='lat' dir='ltr'>facimus</span> <span class='ocrx_word' id='word_1_36' title='bbox 763 684 882 748; x_wconf 88' lang='lat' dir='ltr'>quod</span> <span class='ocrx_word' id='word_1_37' title='bbox 913 684 1105 742; x_wconf 73' lang='lat' dir='ltr'>voluisti,</span> <span class='ocrx_word' id='word_1_38' title='bbox 1133 688 1192 732; x_wconf 77' lang='lat' dir='ltr'>sic</span> <span class='ocrx_word' id='word_1_39' title='bbox 1217 699 1358 736; x_wconf 88' lang='lat' dir='ltr'>tecum</span> <span class='ocrx_word' id='word_1_40' title='bbox 1388 693 1481 753; x_wconf 83' lang='lat' dir='ltr'>agi-</span> 
     </span>
     <span class='ocr_line' id='line_1_7' title="bbox 113 754 1480 816; baseline 0.009 -19"><span class='ocrx_word' id='word_1_41' title='bbox 113 767 208 797; x_wconf 89' lang='lat' dir='ltr'>mus</span> <span class='ocrx_word' id='word_1_42' title='bbox 225 790 236 808; x_wconf 87' lang='grc'>,</span> <span class='ocrx_word' id='word_1_43' title='bbox 265 770 314 798; x_wconf 80' lang='lat' dir='ltr'>ac</span> <span class='ocrx_word' id='word_1_44' title='bbox 332 754 365 798; x_wconf 86' lang='lat' dir='ltr'>si</span> <span class='ocrx_word' id='word_1_45' title='bbox 395 771 482 799; x_wconf 89' lang='lat' dir='ltr'>non</span> <span class='ocrx_word' id='word_1_46' title='bbox 503 754 690 800; x_wconf 76' lang='lat' dir='ltr'>dixerint</span> <span class='ocrx_word' id='word_1_47' title='bbox 720 755 849 801; x_wconf 65' lang='lat' dir='ltr'>vestri</span> <span class='ocrx_word' id='word_1_48' title='bbox 864 792 875 810; x_wconf 73' lang='grc'><em>,</em></span> <span class='ocrx_word' id='word_1_49' title='bbox 898 777 914 795; x_wconf 76' lang='grc' dir='ltr'>(ι</span> <span class='ocrx_word' id='word_1_50' title='bbox 937 756 1027 801; x_wconf 67' lang='lat' dir='ltr'>Nec</span> <span class='ocrx_word' id='word_1_51' title='bbox 1053 773 1181 802; x_wconf 80' lang='lat' dir='ltr'>causa</span> <span class='ocrx_word' id='word_1_52' title='bbox 1206 776 1348 806; x_wconf 78' lang='lat' dir='ltr'>causae</span> <span class='ocrx_word' id='word_1_53' title='bbox 1367 799 1377 816; x_wconf 89' lang='lat'><em>‚</em></span> <span class='ocrx_word' id='word_1_54' title='bbox 1401 781 1480 809; x_wconf 88' lang='lat' dir='ltr'>nec</span> 
     </span>
     <span class='ocr_line' id='line_1_8' title="bbox 112 824 1481 891; baseline 0.008 -24"><span class='ocrx_word' id='word_1_55' title='bbox 112 838 295 885; x_wconf 86' lang='lat' dir='ltr'>persona</span> <span class='ocrx_word' id='word_1_56' title='bbox 334 840 530 887; x_wconf 66' lang='lat' dir='ltr'>personae</span> <span class='ocrx_word' id='word_1_57' title='bbox 564 824 841 888; x_wconf 73' lang='lat' dir='ltr'>praejutlicat.</span> <span class='ocrx_word' id='word_1_58' title='bbox 873 848 892 867; x_wconf 74' lang='lat'>&gt;2</span> <span class='ocrx_word' id='word_1_59' title='bbox 919 826 986 871; x_wconf 89' lang='lat' dir='ltr'>Tu</span> <span class='ocrx_word' id='word_1_60' title='bbox 1013 826 1157 873; x_wconf 85' lang='lat' dir='ltr'>inveni</span> <span class='ocrx_word' id='word_1_61' title='bbox 1189 830 1295 891; x_wconf 89' lang='lat' dir='ltr'>quid</span> <span class='ocrx_word' id='word_1_62' title='bbox 1326 831 1389 877; x_wconf 93' lang='lat' dir='ltr'>illi</span> <span class='ocrx_word' id='word_1_63' title='bbox 1408 832 1481 878; x_wconf 81' lang='lat' dir='ltr'>di-</span> 
     </span>
     <span class='ocr_line' id='line_1_9' title="bbox 113 893 1479 964; baseline 0.009 -26"><span class='ocrx_word' id='word_1_64' title='bbox 113 909 207 939; x_wconf 88' lang='lat' dir='ltr'>cere</span> <span class='ocrx_word' id='word_1_65' title='bbox 238 893 468 940; x_wconf 80' lang='lat' dir='ltr'><strong>debuerint</strong></span> <span class='ocrx_word' id='word_1_66' title='bbox 487 932 497 950; x_wconf 84' lang='lat'><strong>,</strong></span> <span class='ocrx_word' id='word_1_67' title='bbox 534 912 632 941; x_wconf 87' lang='lat' dir='ltr'>cum</span> <span class='ocrx_word' id='word_1_68' title='bbox 665 896 722 941; x_wconf 90' lang='lat' dir='ltr'>eis</span> <span class='ocrx_word' id='word_1_69' title='bbox 753 897 920 956; x_wconf 80' lang='lat' dir='ltr'>objecta</span> <span class='ocrx_word' id='word_1_70' title='bbox 947 907 1052 942; x_wconf 73' lang='lat' dir='ltr'>esset</span> <span class='ocrx_word' id='word_1_71' title='bbox 1077 914 1205 944; x_wconf 84' lang='lat' dir='ltr'>causa</span> <span class='ocrx_word' id='word_1_72' title='bbox 1234 911 1274 946; x_wconf 89' lang='lat' dir='ltr'>et</span> <span class='ocrx_word' id='word_1_73' title='bbox 1294 919 1479 964; x_wconf 85' lang='lat' dir='ltr'>persona</span> 
     </span>
     <span class='ocr_line' id='line_1_10' title="bbox 113 963 1481 1028; baseline 0.009 -19"><span class='ocrx_word' id='word_1_74' title='bbox 113 963 322 1010; x_wconf 87' lang='lat' dir='ltr'>Primiani</span> <span class='ocrx_word' id='word_1_75' title='bbox 343 1002 354 1021; x_wconf 90' lang='lat'>‚</span> <span class='ocrx_word' id='word_1_76' title='bbox 382 966 457 1028; x_wconf 90' lang='lat' dir='ltr'>qui</span> <span class='ocrx_word' id='word_1_77' title='bbox 491 965 763 1012; x_wconf 78' lang='lat' dir='ltr'>damnatores</span> <span class='ocrx_word' id='word_1_78' title='bbox 795 983 891 1012; x_wconf 74' lang='lat' dir='ltr'>suos</span> <span class='ocrx_word' id='word_1_79' title='bbox 913 979 953 1012; x_wconf 80' lang='lat' dir='ltr'>et</span> <span class='ocrx_word' id='word_1_80' title='bbox 979 967 1203 1016; x_wconf 75' lang='lat' dir='ltr'>damnavit</span> <span class='ocrx_word' id='word_1_81' title='bbox 1227 988 1327 1018; x_wconf 85' lang='lat' dir='ltr'>cum</span> <span class='ocrx_word' id='word_1_82' title='bbox 1352 986 1481 1020; x_wconf 86' lang='lat' dir='ltr'>caete-</span> 
     </span>
     <span class='ocr_line' id='line_1_11' title="bbox 110 1033 1485 1092; baseline 0.008 -12"><span class='ocrx_word' id='word_1_83' title='bbox 110 1033 198 1091; x_wconf 84' lang='lat' dir='ltr'>riS,</span> <span class='ocrx_word' id='word_1_84' title='bbox 231 1045 273 1080; x_wconf 87' lang='lat' dir='ltr'>et</span> <span class='ocrx_word' id='word_1_85' title='bbox 305 1035 533 1081; x_wconf 81' lang='lat' dir='ltr'>damnatos</span> <span class='ocrx_word' id='word_1_86' title='bbox 569 1054 618 1082; x_wconf 88' lang='lat' dir='ltr'>ac</span> <span class='ocrx_word' id='word_1_87' title='bbox 653 1036 881 1082; x_wconf 75' lang='lat' dir='ltr'>detestatos</span> <span class='ocrx_word' id='word_1_88' title='bbox 913 1037 957 1082; x_wconf 86' lang='lat' dir='ltr'>in</span> <span class='ocrx_word' id='word_1_89' title='bbox 992 1055 1089 1084; x_wconf 85' lang='lat' dir='ltr'>suos</span> <span class='ocrx_word' id='word_1_90' title='bbox 1117 1056 1264 1087; x_wconf 87' lang='lat' dir='ltr'>rursus</span> <span class='ocrx_word' id='word_1_91' title='bbox 1298 1042 1485 1092; x_wconf 84' lang='lat' dir='ltr'>honores</span> 
     </span>
     <span class='ocr_line' id='line_1_12' title="bbox 111 1105 1481 1179; baseline 0.008 -29"><span class='ocrx_word' id='word_1_92' title='bbox 111 1105 330 1169; x_wconf 84' lang='lat' dir='ltr'>suscepit,</span> <span class='ocrx_word' id='word_1_93' title='bbox 358 1116 399 1151; x_wconf 88' lang='lat' dir='ltr'>et</span> <span class='ocrx_word' id='word_1_94' title='bbox 423 1106 691 1169; x_wconf 84' lang='lat' dir='ltr'>baptismum</span> <span class='ocrx_word' id='word_1_95' title='bbox 726 1124 854 1170; x_wconf 89' lang='lat' dir='ltr'>quem</span> <span class='ocrx_word' id='word_1_96' title='bbox 893 1109 1054 1154; x_wconf 84' lang='lat' dir='ltr'>mortui</span> <span class='ocrx_word' id='word_1_97' title='bbox 1086 1109 1318 1171; x_wconf 84' lang='lat' dir='ltr'>dederant,</span> <span class='ocrx_word' id='word_1_98' title='bbox 1347 1115 1481 1179; x_wconf 85' lang='lat' dir='ltr'>(quia</span> 
     </span>
     <span class='ocr_line' id='line_1_13' title="bbox 112 1174 1483 1242; baseline 0.004 -22"><span class='ocrx_word' id='word_1_99' title='bbox 112 1174 165 1220; x_wconf 89' lang='lat' dir='ltr'>de</span> <span class='ocrx_word' id='word_1_100' title='bbox 182 1175 286 1238; x_wconf 86' lang='lat' dir='ltr'>ipsis</span> <span class='ocrx_word' id='word_1_101' title='bbox 302 1176 348 1221; x_wconf 92' lang='lat' dir='ltr'>in</span> <span class='ocrx_word' id='word_1_102' title='bbox 364 1176 437 1222; x_wconf 89' lang='lat' dir='ltr'>illa</span> <span class='ocrx_word' id='word_1_103' title='bbox 461 1177 672 1239; x_wconf 81' lang='lat' dir='ltr'>praeclara</span> <span class='ocrx_word' id='word_1_104' title='bbox 690 1177 706 1206; x_wconf 77' lang='lat'>‘¹</span> <span class='ocrx_word' id='word_1_105' title='bbox 732 1178 939 1223; x_wconf 80' lang='lat' dir='ltr'>sententia</span> <span class='ocrx_word' id='word_1_106' title='bbox 960 1178 1127 1226; x_wconf 84' lang='lat' dir='ltr'>dictum</span> <span class='ocrx_word' id='word_1_107' title='bbox 1159 1193 1274 1239; x_wconf 81' lang='lat' dir='ltr'>erat,</span> <span class='ocrx_word' id='word_1_108' title='bbox 1306 1205 1326 1226; x_wconf 77' lang='grc' dir='ltr'>α</span> <span class='ocrx_word' id='word_1_109' title='bbox 1350 1185 1483 1242; x_wconf 83' lang='lat' dir='ltr'>Quod</span> 
     </span>
     <span class='ocr_line' id='line_1_14' title="bbox 91 1248 1481 1321; baseline 0.009 -31"><span class='ocrx_word' id='word_1_110' title='bbox 91 1256 384 1293; x_wconf 88' lang='lat' dir='ltr'>.mortuorum</span> <span class='ocrx_word' id='word_1_111' title='bbox 403 1248 628 1294; x_wconf 80' lang='lat' dir='ltr'>funeribus</span> <span class='ocrx_word' id='word_1_112' title='bbox 651 1248 780 1311; x_wconf 86' lang='lat' dir='ltr'>plena</span> <span class='ocrx_word' id='word_1_113' title='bbox 800 1249 886 1294; x_wconf 86' lang='lat' dir='ltr'>sint</span> <span class='ocrx_word' id='word_1_114' title='bbox 904 1249 1064 1308; x_wconf 80' lang='lat' dir='ltr'>littora,</span> <span class='ocrx_word' id='word_1_115' title='bbox 1084 1251 1100 1313; x_wconf 90' lang='lat'>)</span> <span class='ocrx_word' id='word_1_116' title='bbox 1120 1275 1139 1294; x_wconf 85' lang='lat'>›&gt;</span> <span class='ocrx_word' id='word_1_117' title='bbox 1160 1270 1386 1312; x_wconf 78' lang='lat' dir='ltr'>agnoscere</span> <span class='ocrx_word' id='word_1_118' title='bbox 1402 1275 1481 1321; x_wconf 90' lang='lat' dir='ltr'>po-</span> 
     </span>
     <span class='ocr_line' id='line_1_15' title="bbox 112 1316 1478 1384; baseline 0.01 -23"><span class='ocrx_word' id='word_1_119' title='bbox 112 1316 196 1362; x_wconf 86' lang='lat' dir='ltr'>tius</span> <span class='ocrx_word' id='word_1_120' title='bbox 225 1327 266 1362; x_wconf 87' lang='lat' dir='ltr'>et</span> <span class='ocrx_word' id='word_1_121' title='bbox 284 1328 510 1381; x_wconf 82' lang='lat' dir='ltr'>acceptare</span> <span class='ocrx_word' id='word_1_122' title='bbox 530 1355 540 1372; x_wconf 92' lang='lat'>,</span> <span class='ocrx_word' id='word_1_123' title='bbox 565 1336 695 1381; x_wconf 87' lang='lat' dir='ltr'>quam</span> <span class='ocrx_word' id='word_1_124' title='bbox 715 1320 929 1364; x_wconf 78' lang='lat' dir='ltr'>exsufflare</span> <span class='ocrx_word' id='word_1_125' title='bbox 955 1331 996 1365; x_wconf 91' lang='lat' dir='ltr'>et</span> <span class='ocrx_word' id='word_1_126' title='bbox 1026 1322 1267 1370; x_wconf 84' lang='lat' dir='ltr'>rescindere</span> <span class='ocrx_word' id='word_1_127' title='bbox 1293 1326 1478 1384; x_wconf 80' lang='lat' dir='ltr'>maluit,</span> 
     </span>
     <span class='ocr_line' id='line_1_16' title="bbox 112 1389 1477 1456; baseline 0.007 -22"><span class='ocrx_word' id='word_1_128' title='bbox 112 1398 338 1452; x_wconf 86' lang='lat' dir='ltr'>totumque</span> <span class='ocrx_word' id='word_1_129' title='bbox 357 1389 552 1435; x_wconf 72' lang='lat' dir='ltr'>dissolvit</span> <span class='ocrx_word' id='word_1_130' title='bbox 574 1390 693 1453; x_wconf 87' lang='lat' dir='ltr'>quod</span> <span class='ocrx_word' id='word_1_131' title='bbox 712 1390 820 1435; x_wconf 84' lang='lat' dir='ltr'>male</span> <span class='ocrx_word' id='word_1_132' title='bbox 845 1391 1128 1451; x_wconf 74' lang='lat' dir='ltr'>intelligentes</span> <span class='ocrx_word' id='word_1_133' title='bbox 1150 1394 1292 1441; x_wconf 87' lang='lat' dir='ltr'>dicere</span> <span class='ocrx_word' id='word_1_134' title='bbox 1317 1398 1477 1456; x_wconf 81' lang='lat' dir='ltr'>soletis,</span> 
     </span>
     <span class='ocr_line' id='line_1_17' title="bbox 111 1459 1481 1525; baseline 0.011 -25"><span class='ocrx_word' id='word_1_135' title='bbox 111 1480 130 1500; x_wconf 76' lang='grc' dir='ltr'>α</span> <span class='ocrx_word' id='word_1_136' title='bbox 155 1459 243 1517; x_wconf 85' lang='lat' dir='ltr'>Qui</span> <span class='ocrx_word' id='word_1_137' title='bbox 273 1460 522 1523; x_wconf 85' lang='lat' dir='ltr'>baptizatur</span> <span class='ocrx_word' id='word_1_138' title='bbox 554 1478 577 1505; x_wconf 86' lang='lat' dir='ltr'>a</span> <span class='ocrx_word' id='word_1_139' title='bbox 604 1470 803 1516; x_wconf 83' lang='lat' dir='ltr'>mortuo,</span> <span class='ocrx_word' id='word_1_140' title='bbox 831 1461 940 1524; x_wconf 84' lang='lat' dir='ltr'>quid</span> <span class='ocrx_word' id='word_1_141' title='bbox 976 1462 1014 1506; x_wconf 91' lang='lat' dir='ltr'>ei</span> <span class='ocrx_word' id='word_1_142' title='bbox 1047 1463 1224 1525; x_wconf 84' lang='lat' dir='ltr'>prodest</span> <span class='ocrx_word' id='word_1_143' title='bbox 1257 1465 1481 1514; x_wconf 82' lang='lat' dir='ltr'>lavacrum</span> 
     </span>
     <span class='ocr_line' id='line_1_18' title="bbox 110 1530 1487 1596; baseline 0.007 -20"><span class='ocrx_word' id='word_1_144' title='bbox 110 1534 234 1590; x_wconf 87' lang='lat' dir='ltr'>»ejus</span> <span class='ocrx_word' id='word_1_145' title='bbox 251 1530 268 1559; x_wconf 79' lang='lat'>2</span> <span class='ocrx_word' id='word_1_146' title='bbox 285 1534 337 1577; x_wconf 65' lang='grc' dir='ltr'>ἓ»</span> <span class='ocrx_word' id='word_1_147' title='bbox 362 1532 406 1577; x_wconf 81' lang='lat' dir='ltr'>Si</span> <span class='ocrx_word' id='word_1_148' title='bbox 424 1549 522 1592; x_wconf 83' lang='lat' dir='ltr'>ergo</span> <span class='ocrx_word' id='word_1_149' title='bbox 552 1549 641 1577; x_wconf 89' lang='lat' dir='ltr'>non</span> <span class='ocrx_word' id='word_1_150' title='bbox 669 1532 886 1589; x_wconf 74' lang='lat' dir='ltr'>elicerent,</span> <span class='ocrx_word' id='word_1_151' title='bbox 917 1554 936 1573; x_wconf 77' lang='grc' dir='ltr'>α</span> <span class='ocrx_word' id='word_1_152' title='bbox 957 1532 1046 1579; x_wconf 83' lang='lat' dir='ltr'>Nec</span> <span class='ocrx_word' id='word_1_153' title='bbox 1065 1551 1190 1580; x_wconf 86' lang='lat' dir='ltr'>causa</span> <span class='ocrx_word' id='word_1_154' title='bbox 1211 1553 1256 1582; x_wconf 82' lang='lat' dir='ltr'>ca</span> <span class='ocrx_word' id='word_1_155' title='bbox 1266 1554 1353 1584; x_wconf 85' lang='lat' dir='ltr'>usae</span> <span class='ocrx_word' id='word_1_156' title='bbox 1376 1577 1387 1596; x_wconf 91' lang='lat'>‚</span> <span class='ocrx_word' id='word_1_157' title='bbox 1408 1557 1487 1586; x_wconf 89' lang='lat' dir='ltr'>nec</span> 
     </span>
     <span class='ocr_line' id='line_1_19' title="bbox 109 1602 1484 1666; baseline 0.009 -20"><span class='ocrx_word' id='word_1_158' title='bbox 109 1618 294 1664; x_wconf 87' lang='lat' dir='ltr'>persona</span> <span class='ocrx_word' id='word_1_159' title='bbox 326 1620 524 1665; x_wconf 69' lang='lat' dir='ltr'>personae</span> <span class='ocrx_word' id='word_1_160' title='bbox 547 1602 812 1666; x_wconf 79' lang='lat' dir='ltr'>praejudicat</span> <span class='ocrx_word' id='word_1_161' title='bbox 833 1640 842 1658; x_wconf 83' lang='lat'><strong><em>‚</em></strong></span> <span class='ocrx_word' id='word_1_162' title='bbox 879 1625 899 1645; x_wconf 83' lang='lat'>»</span> <span class='ocrx_word' id='word_1_163' title='bbox 930 1604 987 1649; x_wconf 86' lang='lat' dir='ltr'>rei</span> <span class='ocrx_word' id='word_1_164' title='bbox 1015 1615 1263 1653; x_wconf 87' lang='lat' dir='ltr'>tenerentur</span> <span class='ocrx_word' id='word_1_165' title='bbox 1284 1609 1330 1654; x_wconf 91' lang='lat' dir='ltr'>in</span> <span class='ocrx_word' id='word_1_166' title='bbox 1353 1627 1484 1658; x_wconf 83' lang='lat' dir='ltr'>causa</span> 
     </span>
     <span class='ocr_line' id='line_1_20' title="bbox 109 1672 1486 1730; baseline 0.009 -13"><span class='ocrx_word' id='word_1_167' title='bbox 109 1672 335 1720; x_wconf 84' lang='lat' dir='ltr'>Primiani.</span> <span class='ocrx_word' id='word_1_168' title='bbox 371 1674 482 1719; x_wconf 90' lang='lat' dir='ltr'>Cum</span> <span class='ocrx_word' id='word_1_169' title='bbox 512 1685 651 1720; x_wconf 87' lang='lat' dir='ltr'>autem</span> <span class='ocrx_word' id='word_1_170' title='bbox 672 1674 759 1720; x_wconf 87' lang='lat' dir='ltr'>hoc</span> <span class='ocrx_word' id='word_1_171' title='bbox 785 1674 1002 1730; x_wconf 77' lang='lat' dir='ltr'>dixerunt,</span> <span class='ocrx_word' id='word_1_172' title='bbox 1025 1675 1262 1724; x_wconf 89' lang='lat' dir='ltr'>immunem</span> <span class='ocrx_word' id='word_1_173' title='bbox 1289 1679 1486 1729; x_wconf 85' lang='lat' dir='ltr'>fecerunt</span> 
     </span>
     <span class='ocr_line' id='line_1_21' title="bbox 110 1743 1482 1808; baseline 0.009 -20"><span class='ocrx_word' id='word_1_174' title='bbox 110 1743 347 1789; x_wconf 82' lang='lat' dir='ltr'>Ecclesiam</span> <span class='ocrx_word' id='word_1_175' title='bbox 381 1744 642 1791; x_wconf 76' lang='lat' dir='ltr'>catholicam</span> <span class='ocrx_word' id='word_1_176' title='bbox 662 1782 672 1801; x_wconf 84' lang='lat'>‚</span> <span class='ocrx_word' id='word_1_177' title='bbox 702 1745 814 1791; x_wconf 83' lang='lat' dir='ltr'>sicut</span> <span class='ocrx_word' id='word_1_178' title='bbox 842 1763 921 1792; x_wconf 86' lang='lat' dir='ltr'>nos</span> <span class='ocrx_word' id='word_1_179' title='bbox 950 1747 1242 1795; x_wconf 84' lang='lat' dir='ltr'>asserebamus</span> <span class='ocrx_word' id='word_1_180' title='bbox 1260 1787 1271 1808; x_wconf 83' lang='grc'>,</span> <span class='ocrx_word' id='word_1_181' title='bbox 1301 1769 1323 1798; x_wconf 85' lang='lat' dir='ltr'>a</span> <span class='ocrx_word' id='word_1_182' title='bbox 1355 1770 1482 1800; x_wconf 83' lang='lat' dir='ltr'>causa</span> 
     </span>
     <span class='ocr_line' id='line_1_22' title="bbox 111 1813 350 1861; baseline 0.004 -2"><span class='ocrx_word' id='word_1_183' title='bbox 111 1813 350 1861; x_wconf 84' lang='lat' dir='ltr'>Caeciliani.</span> 
     </span>
    </p>

    <p class='ocr_par' dir='ltr' id='par_1_4' title="bbox 79 1885 1484 2596">
     <span class='ocr_line' id='line_1_23' title="bbox 174 1885 1482 1946; baseline 0.009 -17"><span class='ocrx_word' id='word_1_184' title='bbox 174 1886 251 1931; x_wconf 76' lang='lat' dir='ltr'>IX.</span> <span class='ocrx_word' id='word_1_185' title='bbox 289 1885 373 1930; x_wconf 77' lang='lat' dir='ltr'>Sed</span> <span class='ocrx_word' id='word_1_186' title='bbox 398 1896 552 1932; x_wconf 63' lang='lat' dir='ltr'>catera</span> <span class='ocrx_word' id='word_1_187' title='bbox 577 1885 667 1946; x_wconf 86' lang='lat' dir='ltr'>lege</span> <span class='ocrx_word' id='word_1_188' title='bbox 687 1924 696 1942; x_wconf 86' lang='lat'>‚</span> <span class='ocrx_word' id='word_1_189' title='bbox 728 1897 882 1933; x_wconf 71' lang='lat' dir='ltr'>caetera</span> <span class='ocrx_word' id='word_1_190' title='bbox 912 1886 1091 1935; x_wconf 84' lang='lat' dir='ltr'>discute.</span> <span class='ocrx_word' id='word_1_191' title='bbox 1126 1890 1235 1937; x_wconf 61' lang='lat' dir='ltr'>Vide</span> <span class='ocrx_word' id='word_1_192' title='bbox 1264 1904 1410 1940; x_wconf 88' lang='lat' dir='ltr'>utrum</span> <span class='ocrx_word' id='word_1_193' title='bbox 1438 1895 1482 1941; x_wconf 86' lang='lat' dir='ltr'>in</span> 
     </span>
     <span class='ocr_line' id='line_1_24' title="bbox 108 1955 1482 2024; baseline 0.007 -23"><span class='ocrx_word' id='word_1_194' title='bbox 108 1955 250 2019; x_wconf 86' lang='lat' dir='ltr'>ipsum</span> <span class='ocrx_word' id='word_1_195' title='bbox 277 1956 589 2013; x_wconf 67' lang='lat' dir='ltr'>Caecilianum,</span> <span class='ocrx_word' id='word_1_196' title='bbox 616 1957 668 2003; x_wconf 90' lang='lat' dir='ltr'>de</span> <span class='ocrx_word' id='word_1_197' title='bbox 690 1962 813 2018; x_wconf 86' lang='lat' dir='ltr'>cujus</span> <span class='ocrx_word' id='word_1_198' title='bbox 832 1977 1013 2022; x_wconf 73' lang='lat' dir='ltr'>persona</span> <span class='ocrx_word' id='word_1_199' title='bbox 1032 1962 1322 2024; x_wconf 75' lang='lat' dir='ltr'>praejuclicare</span> <span class='ocrx_word' id='word_1_200' title='bbox 1345 1982 1482 2012; x_wconf 86' lang='lat' dir='ltr'>cona-</span> 
     </span>
     <span class='ocr_line' id='line_1_25' title="bbox 106 2026 1484 2096; baseline 0.008 -24"><span class='ocrx_word' id='word_1_201' title='bbox 106 2026 269 2073; x_wconf 84' lang='lat' dir='ltr'>bantur</span> <span class='ocrx_word' id='word_1_202' title='bbox 293 2027 499 2074; x_wconf 83' lang='lat' dir='ltr'>Ecclesiae</span> <span class='ocrx_word' id='word_1_203' title='bbox 518 2066 528 2084; x_wconf 77' lang='grc'><em>,</em></span> <span class='ocrx_word' id='word_1_204' title='bbox 561 2029 725 2091; x_wconf 85' lang='lat' dir='ltr'>aliquid</span> <span class='ocrx_word' id='word_1_205' title='bbox 752 2029 854 2075; x_wconf 88' lang='lat' dir='ltr'>mali</span> <span class='ocrx_word' id='word_1_206' title='bbox 888 2031 1075 2093; x_wconf 80' lang='lat' dir='ltr'>probare</span> <span class='ocrx_word' id='word_1_207' title='bbox 1102 2035 1340 2096; x_wconf 84' lang='lat' dir='ltr'>potuerint.</span> <span class='ocrx_word' id='word_1_208' title='bbox 1376 2036 1484 2084; x_wconf 79' lang='lat' dir='ltr'>Vide</span> 
     </span>
     <span class='ocr_line' id='line_1_26' title="bbox 108 2100 1483 2170; baseline 0.007 -26"><span class='ocrx_word' id='word_1_209' title='bbox 108 2107 254 2144; x_wconf 87' lang='lat' dir='ltr'>utrum</span> <span class='ocrx_word' id='word_1_210' title='bbox 279 2116 366 2145; x_wconf 89' lang='lat' dir='ltr'>non</span> <span class='ocrx_word' id='word_1_211' title='bbox 390 2100 537 2163; x_wconf 84' lang='lat' dir='ltr'>potius</span> <span class='ocrx_word' id='word_1_212' title='bbox 559 2101 686 2145; x_wconf 80' lang='lat' dir='ltr'>etiam</span> <span class='ocrx_word' id='word_1_213' title='bbox 714 2117 794 2162; x_wconf 74' lang='lat' dir='ltr'>pro</span> <span class='ocrx_word' id='word_1_214' title='bbox 816 2101 889 2146; x_wconf 89' lang='lat' dir='ltr'>illo</span> <span class='ocrx_word' id='word_1_215' title='bbox 916 2101 1054 2147; x_wconf 85' lang='lat' dir='ltr'>multa</span> <span class='ocrx_word' id='word_1_216' title='bbox 1078 2104 1259 2162; x_wconf 74' lang='lat' dir='ltr'>egerint,</span> <span class='ocrx_word' id='word_1_217' title='bbox 1281 2117 1321 2151; x_wconf 90' lang='lat' dir='ltr'>et</span> <span class='ocrx_word' id='word_1_218' title='bbox 1343 2107 1483 2170; x_wconf 86' lang='lat' dir='ltr'>pluri-</span> 
     </span>
     <span class='ocr_line' id='line_1_27' title="bbox 106 2167 1481 2234; baseline 0.007 -20"><span class='ocrx_word' id='word_1_219' title='bbox 106 2167 190 2214; x_wconf 84' lang='lat' dir='ltr'>bus</span> <span class='ocrx_word' id='word_1_220' title='bbox 207 2169 489 2224; x_wconf 72' lang='lat' dir='ltr'>lectionibus‚</span> <span class='ocrx_word' id='word_1_221' title='bbox 515 2187 621 2234; x_wconf 79' lang='lat' dir='ltr'>quas</span> <span class='ocrx_word' id='word_1_222' title='bbox 650 2181 800 2216; x_wconf 85' lang='lat' dir='ltr'>contra</span> <span class='ocrx_word' id='word_1_223' title='bbox 827 2188 867 2216; x_wconf 85' lang='lat' dir='ltr'>se</span> <span class='ocrx_word' id='word_1_224' title='bbox 894 2172 1171 2233; x_wconf 81' lang='lat' dir='ltr'>protulerunt</span> <span class='ocrx_word' id='word_1_225' title='bbox 1194 2185 1236 2219; x_wconf 90' lang='lat' dir='ltr'>et</span> <span class='ocrx_word' id='word_1_226' title='bbox 1268 2177 1481 2224; x_wconf 84' lang='lat' dir='ltr'>recitave-</span> 
     </span>
     <span class='ocr_line' id='line_1_28' title="bbox 106 2241 1482 2307; baseline 0.007 -23"><span class='ocrx_word' id='word_1_227' title='bbox 106 2250 238 2296; x_wconf 79' lang='lat' dir='ltr'>runt,</span> <span class='ocrx_word' id='word_1_228' title='bbox 263 2256 434 2286; x_wconf 85' lang='lat' dir='ltr'>causam</span> <span class='ocrx_word' id='word_1_229' title='bbox 460 2244 550 2300; x_wconf 82' lang='lat' dir='ltr'>ejus</span> <span class='ocrx_word' id='word_1_230' title='bbox 575 2241 736 2286; x_wconf 80' lang='lat' dir='ltr'>honam</span> <span class='ocrx_word' id='word_1_231' title='bbox 766 2243 943 2286; x_wconf 81' lang='lat' dir='ltr'>omnino</span> <span class='ocrx_word' id='word_1_232' title='bbox 971 2243 1250 2291; x_wconf 75' lang='lat' dir='ltr'>firmaverint.</span> <span class='ocrx_word' id='word_1_233' title='bbox 1271 2246 1384 2307; x_wconf 83' lang='lat' dir='ltr'>Lege</span> <span class='ocrx_word' id='word_1_234' title='bbox 1399 2249 1482 2294; x_wconf 88' lang='lat' dir='ltr'>ista</span> 
     </span>
     <span class='ocr_line' id='line_1_29' title="bbox 105 2310 1477 2376; baseline 0.007 -21"><span class='ocrx_word' id='word_1_235' title='bbox 105 2310 175 2356; x_wconf 87' lang='lat' dir='ltr'>vel</span> <span class='ocrx_word' id='word_1_236' title='bbox 196 2310 393 2370; x_wconf 83' lang='lat' dir='ltr'>legantur</span> <span class='ocrx_word' id='word_1_237' title='bbox 420 2311 511 2355; x_wconf 78' lang='lat' dir='ltr'>tihi.</span> <span class='ocrx_word' id='word_1_238' title='bbox 542 2310 780 2357; x_wconf 86' lang='lat' dir='ltr'>Considera</span> <span class='ocrx_word' id='word_1_239' title='bbox 808 2313 951 2357; x_wconf 85' lang='lat' dir='ltr'>omnia</span> <span class='ocrx_word' id='word_1_240' title='bbox 973 2349 982 2368; x_wconf 85' lang='grc'>,</span> <span class='ocrx_word' id='word_1_241' title='bbox 1010 2324 1195 2360; x_wconf 83' lang='lat' dir='ltr'>retracta</span> <span class='ocrx_word' id='word_1_242' title='bbox 1220 2314 1449 2376; x_wconf 82' lang='lat' dir='ltr'>diligenter</span> <span class='ocrx_word' id='word_1_243' title='bbox 1466 2357 1477 2375; x_wconf 86' lang='lat'>‚</span> 
     </span>
     <span class='ocr_line' id='line_1_30' title="bbox 106 2381 1474 2452; baseline 0.008 -27"><span class='ocrx_word' id='word_1_244' title='bbox 106 2391 148 2425; x_wconf 91' lang='lat' dir='ltr'>et</span> <span class='ocrx_word' id='word_1_245' title='bbox 170 2381 275 2441; x_wconf 83' lang='lat' dir='ltr'>elige</span> <span class='ocrx_word' id='word_1_246' title='bbox 295 2381 400 2444; x_wconf 87' lang='lat' dir='ltr'>quid</span> <span class='ocrx_word' id='word_1_247' title='bbox 428 2382 618 2444; x_wconf 84' lang='lat' dir='ltr'>sequaris</span> <span class='ocrx_word' id='word_1_248' title='bbox 640 2403 651 2436; x_wconf 83' lang='lat'><em>3</em></span> <span class='ocrx_word' id='word_1_249' title='bbox 675 2393 823 2428; x_wconf 82' lang='lat' dir='ltr'>utrum</span> <span class='ocrx_word' id='word_1_250' title='bbox 844 2383 1074 2428; x_wconf 85' lang='lat' dir='ltr'>nobiscum</span> <span class='ocrx_word' id='word_1_251' title='bbox 1094 2384 1136 2429; x_wconf 92' lang='lat' dir='ltr'>in</span> <span class='ocrx_word' id='word_1_252' title='bbox 1159 2385 1324 2433; x_wconf 85' lang='lat' dir='ltr'>Christi</span> <span class='ocrx_word' id='word_1_253' title='bbox 1347 2406 1474 2452; x_wconf 84' lang='lat' dir='ltr'>pace,</span> 
     </span>
     <span class='ocr_line' id='line_1_31' title="bbox 79 2450 1477 2519; baseline 0.007 -23"><span class='ocrx_word' id='word_1_254' title='bbox 79 2480 83 2482; x_wconf 93' lang='lat'><em>-</em></span> <span class='ocrx_word' id='word_1_255' title='bbox 105 2450 150 2496; x_wconf 90' lang='lat' dir='ltr'>in</span> <span class='ocrx_word' id='word_1_256' title='bbox 172 2451 376 2497; x_wconf 59' lang='lat' dir='ltr'>Ecclesiae</span> <span class='ocrx_word' id='word_1_257' title='bbox 396 2452 626 2498; x_wconf 80' lang='lat' dir='ltr'>catholicae</span> <span class='ocrx_word' id='word_1_258' title='bbox 653 2453 817 2499; x_wconf 87' lang='lat' dir='ltr'>unitate</span> <span class='ocrx_word' id='word_1_259' title='bbox 839 2490 848 2510; x_wconf 92' lang='lat'><strong><em>,</em></strong></span> <span class='ocrx_word' id='word_1_260' title='bbox 867 2454 912 2499; x_wconf 89' lang='lat' dir='ltr'>in</span> <span class='ocrx_word' id='word_1_261' title='bbox 936 2453 1122 2500; x_wconf 82' lang='lat' dir='ltr'>fraterna</span> <span class='ocrx_word' id='word_1_262' title='bbox 1141 2454 1353 2504; x_wconf 84' lang='lat' dir='ltr'>charitate</span> <span class='ocrx_word' id='word_1_263' title='bbox 1367 2476 1477 2519; x_wconf 84' lang='lat' dir='ltr'>gau-</span> 
     </span>
     <span class='ocr_line' id='line_1_32' title="bbox 106 2522 1477 2596; baseline 0.008 -28"><span class='ocrx_word' id='word_1_264' title='bbox 106 2522 232 2577; x_wconf 87' lang='lat' dir='ltr'>dere;</span> <span class='ocrx_word' id='word_1_265' title='bbox 265 2541 317 2569; x_wconf 88' lang='lat' dir='ltr'>an</span> <span class='ocrx_word' id='word_1_266' title='bbox 341 2541 421 2588; x_wconf 80' lang='lat' dir='ltr'>pro</span> <span class='ocrx_word' id='word_1_267' title='bbox 449 2524 608 2570; x_wconf 85' lang='lat' dir='ltr'>nefaria</span> <span class='ocrx_word' id='word_1_268' title='bbox 630 2524 891 2572; x_wconf 84' lang='lat' dir='ltr'>dissensione</span> <span class='ocrx_word' id='word_1_269' title='bbox 907 2563 918 2584; x_wconf 83' lang='lat'>‚</span> <span class='ocrx_word' id='word_1_270' title='bbox 941 2542 1023 2590; x_wconf 87' lang='lat' dir='ltr'>pro</span> <span class='ocrx_word' id='word_1_271' title='bbox 1043 2525 1201 2574; x_wconf 84' lang='lat' dir='ltr'>Donati</span> <span class='ocrx_word' id='word_1_272' title='bbox 1221 2540 1346 2592; x_wconf 80' lang='lat' dir='ltr'>parte</span> <span class='ocrx_word' id='word_1_273' title='bbox 1359 2550 1372 2586; x_wconf 89' lang='lat'>;</span> <span class='ocrx_word' id='word_1_274' title='bbox 1394 2549 1477 2596; x_wconf 88' lang='lat' dir='ltr'>pro</span> 
     </span>
    </p>
   </div>
   <div class='ocr_carea' id='block_1_3' title="bbox 154 2632 903 2675">
    <p class='ocr_par' dir='ltr' id='par_1_5' title="bbox 154 2632 903 2675">
     <span class='ocr_line' id='line_1_33' title="bbox 154 2632 903 2675; baseline 0.004 -10"><span class='ocrx_word' id='word_1_275' title='bbox 154 2635 164 2657; x_wconf 90' lang='lat'><strong>¹</strong></span> <span class='ocrx_word' id='word_1_276' title='bbox 183 2633 345 2675; x_wconf 55' lang='lat' dir='ltr'>Rigaitani</span> <span class='ocrx_word' id='word_1_277' title='bbox 367 2634 502 2669; x_wconf 60' lang='lat' dir='ltr'>conesslit.</span> <span class='ocrx_word' id='word_1_278' title='bbox 524 2654 562 2660; x_wconf 78' lang='lat'>—</span> <span class='ocrx_word' id='word_1_279' title='bbox 586 2632 600 2657; x_wconf 72' lang='lat'>²</span> <span class='ocrx_word' id='word_1_280' title='bbox 616 2635 697 2667; x_wconf 66' lang='lat' dir='ltr'>Ferli</span> <span class='ocrx_word' id='word_1_281' title='bbox 732 2647 842 2675; x_wconf 74' lang='lat' dir='ltr'>xxxiv,</span> <span class='ocrx_word' id='word_1_282' title='bbox 865 2637 903 2668; x_wconf 83' lang='lat'>30</span> 
     </span>
    </p>
   </div>
   <div class='ocr_carea' id='block_1_4' title="bbox 1330 2706 1348 2719">
    <p class='ocr_par' dir='ltr' id='par_1_6' title="bbox 1330 2706 1348 2719">
     <span class='ocr_line' id='line_1_34' title="bbox 1330 2706 1348 2719; baseline 0 0"><span class='ocrx_word' id='word_1_283' title='bbox 1330 2706 1348 2719; x_wconf 53' lang='grc' dir='ltr'>ἣ-</span> 
     </span>
    </p>
   </div>
   <div class='ocr_carea' id='block_1_5' title="bbox 267 2715 1351 2754">
    <p class='ocr_par' dir='ltr' id='par_1_7' title="bbox 267 2715 1351 2754">
     <span class='ocr_line' id='line_1_35' title="bbox 267 2715 1351 2754; baseline 0.009 -11"><span class='ocrx_word' id='word_1_284' title='bbox 267 2715 429 2745; x_wconf 65' lang='lat' dir='ltr'>(zxtx&#39;tl.</span> <span class='ocrx_word' id='word_1_285' title='bbox 1293 2722 1351 2754; x_wconf 56' lang='grc' dir='ltr'>ἢν)</span> 
     </span>
    </p>
   </div>
  </div>
 </body>
</html>
