1799 3251
553 285 766 318 EPISTOLA
801 286 923 318 CLIII.
1357 290 1446 339 207

75 351 333 416 promiseras
350 388 361 408 ‚
388 361 432 398 et
450 368 539 401 non
558 351 733 415 accepi;
753 368 900 414 quaeso
923 362 969 398 ut
994 352 1062 399 vel
1080 369 1198 400 nunc
1215 356 1385 412 mittas,
1408 366 1451 401 et

77 421 134 469 ad
146 422 262 468 hanc
274 438 413 469 meam
434 421 675 485 Epistolam
690 421 970 484 respondeaS,
995 433 1042 468 ut
1060 423 1163 486 quia
1180 424 1453 471 sanctitatem

79 502 196 540 tuam
229 492 402 543 interim
426 492 571 545 videre
593 509 681 538 non
705 491 851 549 datur,
888 492 1039 539 saltem
1063 495 1336 541 sermonibus
1370 495 1453 541 tuis

76 579 243 626 pascar.
285 563 556 610 Incolumem
590 562 859 611 sanctitatem
886 573 1004 611 tuam
1045 565 1258 611 Divinitas
1292 576 1452 615 aeterna

76 643 249 679 tueatur
261 649 354 679 aevo
370 633 609 694 largissimo
626 670 636 690 ‚
655 632 831 680 domine
849 634 1003 680 merito
1022 635 1280 681 venerabilis
1297 645 1338 681 et
1355 651 1451 682 vere

79 701 257 749 colende
277 712 418 766 pater.
445 725 464 746 ›>

81 872 201 885 §mn-‚u
207 871 512 884 §umfflwssmz
518 869 1009 884 ςιὶννιιιὶιιὶςιὶιιπιιῆζὶἱ
1016 870 1136 883 mmm
1143 871 1180 882 §.s
1202 871 1450 884 fflmmxm

517 987 786 1031 EPISTOLA
820 987 949 1031 CLIII
968 987 998 1030 ¹.

82 1117 326 1168 Aoousrmus
355 1116 560 1168 episcopus
582 1115 759 1157 famulus
778 1114 920 1154 Christi
938 1112 1176 1166 familiaeque
1193 1114 1298 1165 ejus,
1317 1112 1460 1153 dilecto

362 1178 445 1216 filio
466 1177 700 1216 MAclznomo
716 1205 727 1226 ,
747 1177 788 1215 in
807 1175 980 1215 Domino
999 1175 1186 1215 salutem.

83 1309 274 1368 Qaoesito
307 1308 536 1364 respondet
575 1307 876 1366 Augustinus;
908 1306 1051 1348 multa
1082 1306 1220 1348 obiter
1242 1306 1456 1350 disserens

140 1376 193 1418 de
223 1375 502 1418 restituendis
531 1375 658 1417 rebus
689 1390 784 1429 quae
815 1374 1019 1432 proximo
1049 1373 1207 1416 ablacoe
1239 1374 1310 1416 vel
1341 1375 1456 1417 male

138 1454 278 1501 parcoe
301 1453 417 1484 sunt.

149 1585 185 1632 Ι.
220 1586 636 1632 NEGormstssmmr
653 1584 697 1630 in
721 1584 967 1648 Republica
989 1584 1133 1631 virum
1149 1620 1159 1639 ‚
1189 1594 1230 1629 et
1247 1600 1336 1629 non
1352 1583 1456 1642 suis,

85 1655 158 1703 sed
182 1655 365 1702 aliorum
390 1655 651 1702 utilitatibus
675 1655 1032 1711 attentissimum,
1055 1654 1228 1717 qualem
1256 1664 1294 1699 te
1313 1671 1397 1699 esse
1419 1664 1463 1699 et

87 1725 168 1771 tibi
181 1725 466 1785 gratulamur,
488 1736 530 1772 et
547 1726 675 1770 rebus
694 1724 897 1769 humanis
915 1760 925 1779 ‚
948 1740 1026 1768 nec
1046 1722 1236 1767 deserere
1253 1722 1460 1767 debemus

87 1794 304 1858 alloquio,
340 1813 421 1841 nec
453 1813 670 1858 occupare
707 1794 942 1857 prooemio.
985 1793 1148 1855 Accipe
1170 1793 1315 1855 itaque
1342 1791 1462 1854 quod

86 1881 165 1929 per
192 1882 260 1910 me
276 1902 286 1918 ,
313 1866 381 1912 vel
406 1883 526 1911 nosse
552 1864 751 1920 voluisti,
779 1863 847 1910 vel
867 1873 1013 1908 utrum
1034 1862 1126 1925 ipse
1146 1877 1312 1906 nossem
1334 1878 1465 1924 expe-

86 1935 178 1983 riri.
209 1936 342 1992 Quod
368 1935 402 1981 si
435 1952 623 1999 parvum
654 1946 729 1980 aut
767 1933 1040 1997 superfluum
1067 1931 1312 1991 judicares,
1339 1931 1463 1977 nullo

87 2003 219 2050 modo
242 2005 354 2051 inter
392 2016 481 2051 tam
513 2022 689 2065 magnas
715 2015 889 2066 tamque
924 2001 1182 2048 necessarias
1219 2016 1344 2046 curas
1368 2010 1465 2046 tuas

88 2075 331 2127 curandum
357 2093 442 2123 esse
466 2092 669 2122 censeres.
701 2097 722 2117 α
742 2073 916 2130 Quaeris
938 2091 960 2118 a
978 2089 1045 2117 me
1062 2088 1142 2117 cur
1164 2070 1294 2116 officii
1319 2087 1464 2116 sacer-

89 2144 198 2194 dotii
222 2147 358 2193 nostri
382 2163 468 2193 esse
482 2146 681 2192 dicamus
709 2143 966 2191 intervenire
986 2159 1066 2205 pro
1087 2141 1169 2187 reis
1184 2178 1195 2197 ,
1220 2151 1262 2186 et
1283 2140 1366 2186 nisi
1386 2140 1466 2185 ob-

91 2215 327 2273 tineamuS,
355 2215 516 2265 offendi
541 2216 665 2278 quasi
699 2214 821 2279 quod
844 2224 936 2259 erat
966 2211 1097 2258 officii
1117 2211 1253 2256 nostri
1288 2209 1467 2255 minime

89 2296 373 2350 reportemus,
394 2308 414 2332 >2
429 2287 516 2332 Ubi
535 2287 809 2332 vehementer
827 2295 866 2329 te
885 2283 994 2329 dicis
1007 2318 1017 2335 ‚
1035 2303 1055 2323 (ε
1072 2281 1305 2341 Ambigere
1318 2290 1466 2326 utrum

89 2355 206 2406 istud
237 2374 284 2403 ex
308 2357 512 2417 religione
540 2356 788 2403 descendat.
819 2376 838 2396 n
864 2353 1029 2400 Deinde
1056 2351 1259 2411 adjungis
1284 2367 1370 2413 qua
1392 2367 1467 2396 ra-

89 2425 205 2473 tione
231 2426 293 2473 ita
312 2427 534 2475 movearis.
562 2447 580 2468 <‹
603 2428 713 2472 Nam
746 2426 779 2471 si
799 2443 822 2471 a
846 2423 1035 2469 Domino
1061 2432 1265 2484 peccata,
1292 2421 1437 2484 inquis
1454 2456 1465 2475 ‚

90 2495 197 2542 adeo
220 2497 532 2561 prohibentur,
560 2508 608 2543 ut
637 2513 716 2546 nec
740 2492 982 2559 poenitendi
1004 2491 1184 2556 quidem
1219 2491 1349 2554 copia
1369 2499 1471 2553 post

140 2590 149 2611 ¹
169 2589 256 2623 Alias
273 2600 337 2621 mv.
355 2599 424 2631 quae
442 2593 547 2621 au'tem
569 2589 631 2618 153
652 2593 732 2627 erat,
749 2597 833 2619 nunc
854 2587 909 2622 46.
929 2603 969 2609 -
988 2583 1113 2627 Scripta
1131 2588 1205 2626 post
1222 2581 1432 2625 superiorem.
