1799 3251
362 260 449 317 514
762 273 796 303 s.
839 261 1082 301 Aneusrini
1119 266 1324 301 EPISCOPI

355 353 441 389 tem
466 355 552 387 non
577 339 755 393 adsunt,
775 336 885 381 sicut
910 335 1031 380 adest
1056 334 1136 380 ista
1160 332 1257 389 lux,
1288 347 1386 398 quae
1411 335 1547 383 oculis
1581 332 1724 383 cerni-

358 422 453 467 tur}
477 422 549 458 aut
569 409 789 462 voluntas,
811 420 901 468 qua
918 415 1037 450 nunc
1058 404 1221 469 aliquid
1238 405 1455 461 volumus,
1472 424 1571 470 quae
1585 409 1726 453 mente

358 483 639 547 conspicitur.
669 477 750 523 Sed
777 477 879 539 quia
903 476 1000 521 haec
1021 476 1244 522 distinctio
1270 474 1373 522 falsa
1395 495 1483 522 non
1507 488 1598 534 est,
1619 485 1725 542 pro-

355 557 469 602 fecto
486 553 558 598 illa
577 547 849 613 praestructio
870 547 1011 591 minus
1031 543 1243 602 habebat,
1263 544 1382 610 quod
1401 547 1511 593 inter
1532 548 1721 604 credere,

355 635 397 672 et
421 621 583 686 aliquid
614 634 803 683 praesens
831 627 972 662 mente
996 618 1245 679 conspicere
1263 655 1273 673 ,
1304 635 1355 663 ne
1385 619 1561 664 omnino
1588 636 1724 664 unum

359 703 486 758 atque
512 691 628 738 idem
643 698 890 753 putaretur,
910 703 1067 750 parum
1091 687 1205 733 clara
1229 688 1368 734 fuerat
1384 688 1626 734 elocutione
1643 688 1727 734 dis-

356 774 537 811 Greill'm.

419 834 518 879 Vll,
551 829 670 888 Quid
689 844 789 888 ergo
810 828 1026 874 dicimus?
1050 829 1165 873 Num
1185 830 1287 874 satis
1302 839 1364 874 est
1384 839 1431 874 ut
1450 829 1563 875 inter
1581 829 1727 877 videre

354 914 395 955 et
419 905 591 952 credere
608 904 695 949 hoc
712 901 870 947 distare
887 900 1083 946 dicamus
1097 937 1106 955 ‚
1132 901 1233 963 quia
1251 902 1482 964 praesentia
1502 902 1720 959 videntur,

353 977 595 1024 creduntur
617 972 839 1019 absentia?
862 971 995 1016 Plane
1012 970 1190 1016 forsitan
1211 972 1311 1017 satis
1334 982 1414 1027 est,
1441 972 1475 1018 si
1497 973 1729 1036 praesentia

351 1048 425 1095 illa
443 1047 527 1092 ho'c
554 1045 651 1090 loco
673 1042 965 1102 intelligamus
985 1042 1103 1087 dicta
1122 1079 1131 1093 ,
1162 1059 1261 1104 quae
1282 1053 1443 1105 praesto
1469 1053 1569 1088 sunt
1593 1042 1730 1088 sensi-

352 1120 437 1165 bus
459 1119 548 1163 sive
574 1114 706 1160 animi
729 1112 816 1158 sive
839 1112 1054 1175 corporis,
1078 1111 1194 1157 unde
1209 1112 1338 1157 etiam
1358 1112 1494 1157 ducto
1512 1106 1730 1158 vocabulo

353 1186 584 1254 praesentia
607 1183 902 1230 nominantur.
952 1182 1024 1226 Sic
1059 1181 1174 1226 enim
1212 1182 1328 1227 hanc
1365 1181 1507 1227 lucem
1539 1181 1732 1246 corporis

356 1269 499 1313 sensu,
521 1258 581 1302 sic
604 1266 646 1300 et
675 1270 810 1299 meam
837 1252 1104 1298 voluntatem
1130 1252 1260 1315 plane
1277 1250 1421 1308 video,
1450 1252 1553 1315 quia
1572 1263 1732 1316 praesto

358 1337 419 1376 est
442 1327 572 1375 animi
590 1324 783 1371 sensibus
802 1361 812 1379 ‚
837 1334 967 1386 atque
986 1323 1101 1368 intus
1120 1323 1233 1368 mihi
1255 1340 1443 1386 praesens
1465 1334 1541 1368 cst.
1573 1323 1617 1368 Si
1635 1322 1734 1386 quis

358 1411 460 1449 vero
484 1398 594 1445 mihi
615 1395 778 1442 indicet
803 1394 1072 1440 voluntatem
1101 1410 1239 1449 suam,
1261 1398 1386 1454 cujus
1410 1411 1455 1439 os
1478 1405 1609 1439 etvox
1623 1391 1735 1439 mihi

356 1487 548 1537 praesens
571 1479 657 1520 est;
686 1478 828 1511 tamen
860 1465 965 1527 quia
986 1465 1079 1528 ipsa
1102 1465 1304 1511 voluntas
1329 1482 1461 1528 quam
1483 1464 1593 1510 mihi
1618 1462 1735 1509 indi-

361 1550 447 1598 cat,
476 1541 579 1587 latet
605 1554 772 1583 sensum
798 1536 995 1598 corporis
1015 1545 1056 1580 et
1083 1535 1215 1581 animi
1238 1535 1338 1591 mei⁷
1368 1531 1520 1591 credo,
1551 1552 1639 1580 non
1665 1534 1737 1580 vi-
1790 1582 1794 1584 ,

359 1602 440 1659 deo
462 1629 472 1656 ε
500 1619 572 1656 aut
591 1608 625 1653 si
645 1624 742 1653 eum
762 1606 933 1652 mentiri
951 1605 1143 1650 existimo
1163 1643 1173 1661 ‚
1202 1623 1288 1650 non
1308 1604 1437 1651 credo
1459 1643 1468 1661 ‚
1495 1606 1571 1650 etsi
1596 1604 1731 1661 forte,-

359 1689 409 1729 ut
433 1680 565 1733 dicit,
593 1678 651 1723 ita
675 1678 742 1722 sit.
781 1674 1034 1721 creduntur
1054 1692 1153 1735 ergo
1179 1675 1251 1720 illa
1282 1692 1382 1738 quae
1408 1675 1567 1720 absunt
1591 1693 1613 1721 a
1638 1692 1737 1720 sen-

364 1753 483 1798 sibus
510 1748 689 1802 nostris,
713 1747 746 1791 si
776 1745 949 1792 videtur
971 1745 1177 1791 idoneum
1207 1746 1327 1809 quod
1351 1745 1408 1791 eis
1442 1745 1736 1791 testimonium

361 1821 634 1887 perhibetur.
665 1816 879 1862 Videntur
905 1825 1045 1860 autem
1080 1832 1181 1878 quae
1205 1825 1366 1878 preesto
1399 1826 1524 1871 sunt,
1555 1814 1670 1861 unde
1697 1825 1739 1860 et

363 1889 594 1957 praesentia
633 1887 916 1933 nominantur
938 1885 1005 1930 vel
1040 1885 1173 1930 animi
1196 1885 1262 1930 vel
1293 1885 1490 1948 corporis
1524 1885 1731 1932 sensibus.

366 1964 477 2008 Nam
504 1973 602 2006 cum
637 1958 722 2003 sint
746 1957 940 2020 quinque
963 1957 1159 2018 corporis
1184 1972 1329 2000 sensus
1348 1992 1358 2011 ,
1391 1955 1621 2011 cernendi,
1659 1971 1738 2001 au-

365 2030 530 2085 diendi,
560 2026 819 2081 olfaciendi,
843 2025 1065 2086 gustandi,
1096 2026 1330 2085 tangendi3
1361 2025 1477 2071 visus
1497 2025 1673 2090 quidem
1693 2025 1740 2071 in

365 2103 423 2149 eis¹
436 2099 660 2164 praecipue
674 2097 809 2142 oculis
825 2095 1066 2141 attributus
1087 2106 1166 2151 est,
1189 2105 1488 2141 verumtamen
1506 2096 1593 2141 hoc
1606 2095 1740 2142 verbo

366 2173 535 2219 utimur
569 2179 610 2214 et
642 2169 687 2214 in
713 2167 891 2213 caeteris.
923 2167 1020 2212 Non
1053 2167 1165 2212 enim
1199 2174 1366 2211 tantum
1392 2166 1578 2212 dicimus
1599 2203 1610 2221 ‚
1631 2164 1741 2212 Vide

368 2241 475 2307 quid
493 2241 654 2294 luceat,
682 2237 754 2283 sed
774 2238 921 2292 etiam,
946 2236 1055 2282 Vide
1078 2236 1185 2300 quid
1210 2247 1345 2293 sonet,
1361 2236 1468 2281 Vide
1482 2236 1587 2300 quid
1608 2234 1737 2291 oleat,

365 2312 474 2359 Vide
507 2309 613 2372 quid
652 2309 823 2371 sapiat,
861 2307 969 2353 Vide
1003 2308 1111 2370 quid
1151 2308 1301 2354 caleat.
1341 2308 1430 2353 Nec
1455 2307 1557 2370 quia
1581 2306 1668 2352 dixi
1693 2322 1742 2352 ea

370 2381 486 2429 credi
506 2417 515 2435 ‚
544 2396 645 2442 quae
678 2379 833 2424 absunt
858 2397 880 2424 a
909 2379 1104 2424 sensibus
1130 2378 1284 2423 nostris
1306 2415 1317 2433 ‚
1351 2377 1410 2422 sic
1435 2378 1675 2441 accipiatur
1695 2374 1742 2422 ut

367 2455 477 2500 inter
500 2449 572 2494 illa
594 2448 859 2511 deputentur
880 2487 887 2503 7
905 2465 1005 2512 quae
1025 2447 1260 2511 aliquando
1280 2447 1466 2492 vidimus
1485 2485 1494 2504 ,
1517 2457 1558 2492 et
1578 2463 1655 2492 nos
1676 2446 1741 2492 vi-

366 2525 476 2572 disse
492 2519 724 2565 retinemus
745 2519 936 2582 certique
956 2536 1121 2574 summ,
1146 2519 1343 2582 quamvis
1358 2528 1461 2563 tunc
1481 2535 1568 2563 non
1581 2527 1742 2580 praesto

367 2596 452 2643 sint
485 2606 585 2636 cum
606 2587 856 2634 recoluntur
882 2607 903 2635 a
927 2590 1067 2635 nobis.
1098 2590 1248 2652 Neque
1275 2589 1388 2634 enim
1411 2588 1522 2634 inter
1547 2586 1706 2634 credita
1725 2624 1736 2643 ‚
