1799 3251
588 259 802 290 EmsroLA
837 261 1003 293 cxnvu.
1397 248 1483 297 135

113 325 128 388 [
148 326 237 383 Qui
256 329 371 373 enim
395 326 600 388 cognovit
619 363 628 382 ‚
654 326 798 390 inquit
813 364 824 381 ,
845 344 945 390 quae
968 328 1022 374 sit
1044 327 1247 385 latitudo,
1274 340 1315 375 et
1335 330 1480 391 longi-

105 397 244 453 tudo,
282 408 324 443 et
354 397 567 452 altitudo,
604 407 644 442 et
678 395 949 459 profundum
972 435 982 454 ,
1020 408 1062 444 et
1095 400 1478 462 supereminentem

107 467 300 513 scientiae
322 466 581 514 charitatem
608 466 798 521 Christi,
821 467 935 514 vidit
959 479 1001 513 et
1028 469 1255 514 Christum
1274 506 1285 525 ,
1314 470 1423 515 vidit
1440 482 1483 516 et

104 536 278 582 Patrem
295 537 328 584 ¹.
351 539 365 600 ]

167 608 370 654 XXXIV.
403 611 494 667 Ego
516 607 532 636 ²
565 607 662 653 haec
695 608 829 653 verba
859 607 1058 670 Apostoli
1086 608 1213 654 Pauli
1233 609 1293 654 sic
1317 609 1480 655 intelli-

102 692 199 737 gere
228 678 342 722 soleo
369 677 420 722 ὃς
464 679 515 722 In
539 676 766 724 latitudine
807 678 924 723 bona
959 693 1090 740 opera
1130 677 1387 724 charitatis:
1428 681 1478 725 ln

100 746 373 808 longitudine
387 748 748 810 perseverantiam
765 765 899 811 usque
920 748 964 792 in
983 748 1112 792 finem
1136 765 1146 792 ε
1175 749 1226 793 In
1250 749 1478 795 altitudine

99 833 221 879 spem
248 817 489 863 coelestium
509 819 794 880 praerniorum
815 836 825 863 :
856 820 906 862 ln
927 817 1149 881 profundo
1172 820 1476 866 inscrutabilia

94 886 263 946 judicia
286 887 362 932 Dei
383 925 393 943 ,
420 887 535 932 unde
559 888 638 933 ista
659 889 795 948 gratia
816 889 860 934 in
886 888 1084 934 homines
1115 890 1246 936 venit.
1280 892 1335 935 Et
1354 891 1476 937 hunc

98 955 364 1002 intellectum
388 968 594 1021 coaptare
615 960 744 1004 etiam
760 969 1030 1004 sacramento
1049 960 1209 1015 crucis,
1239 970 1283 1006 ut
1311 961 1354 1005 in
1373 961 1476 1006 lati-

96 1027 249 1072 tudine
266 1028 508 1091 accipiatur
533 1040 819 1075 transversum
846 1030 1011 1089 lignum
1035 1066 1046 1085 ,
1073 1047 1162 1093 quo
1188 1031 1479 1077 extenduntur

97 1112 249 1143 manus
270 1109 453 1162 propter
479 1116 660 1163 operum
689 1100 1049 1160 significationem
1072 1118 1083 1145 ε
1122 1102 1173 1146 ln
1205 1101 1477 1162 longitudine

93 1167 152 1213 ab
175 1169 270 1231 ipso
298 1186 430 1233 usque
455 1170 499 1214 in
527 1180 680 1215 terram
699 1207 709 1224 ,
751 1170 826 1215 ubi
861 1180 1002 1214 totum
1037 1187 1197 1234 corpus
1220 1174 1474 1218 crucifixum

94 1249 204 1284 stare
221 1239 411 1296 videtur,
432 1242 550 1304 quod
575 1242 789 1301 significat
810 1242 1057 1304 persistere,
1080 1242 1166 1288 hoc
1191 1254 1253 1288 est
1272 1243 1474 1304 longani-

92 1310 220 1355 miter
247 1327 530 1374 permanere:
561 1313 609 1356 ln
639 1312 868 1357 altitudine
894 1313 948 1357 ab
972 1313 1066 1375 ipso
1090 1324 1331 1360 transverso
1355 1315 1473 1375 ligno

91 1394 261 1426 sursum
288 1398 434 1427 versus
458 1382 577 1445 quod
604 1383 658 1428 ad
680 1394 814 1446 caput
848 1384 1036 1438 eminet,
1067 1396 1250 1447 propter
1269 1398 1473 1449 expecta-

90 1453 251 1497 tionem
266 1469 573 1516 supernorum,
595 1471 646 1498 ne
671 1453 742 1499 illa
764 1454 880 1498 bona
901 1470 1034 1516 opera
1059 1465 1188 1517 atque
1213 1455 1258 1500 iu
1288 1456 1345 1501 eis
1366 1473 1470 1519 per-

90 1523 323 1568 severantia
345 1560 356 1578 ‚
384 1534 566 1587 propter
591 1524 802 1570 beneficia
840 1524 914 1569 Dei
944 1534 1112 1569 terrena
1139 1536 1266 1588 atque
1293 1537 1468 1591 tempo-

90 1590 193 1638 ralia
215 1630 226 1648 ‚
264 1592 463 1639 facienda
501 1594 764 1647 credantur3
800 1594 872 1639 sed
911 1594 1057 1657 potius
1103 1607 1285 1659 propter
1322 1598 1431 1644 illud
1453 1635 1464 1654 ‚

89 1663 210 1725 quod
233 1663 418 1727 desuper
434 1665 743 1727 sempiternum
770 1675 914 1727 sperat
945 1665 1077 1720 fides,
1105 1682 1204 1728 quae
1230 1684 1308 1729 per
1329 1668 1467 1714 dilec-

90 1735 251 1779 tionem
286 1745 491 1796 operatur
522 1751 532 1778 :
570 1736 620 1779 In
648 1734 868 1797 profundo
907 1745 1049 1780 autem
1083 1753 1185 1798 pars
1226 1738 1299 1783 illa
1323 1738 1461 1798 ligni,

88 1818 188 1867 quae
208 1805 253 1850 in
277 1814 400 1849 terrae
424 1803 576 1850 abdito
595 1805 730 1849 defixa
753 1804 872 1860 latet,
891 1805 961 1850 sed
979 1805 1079 1851 inde
1097 1809 1320 1868 consurgit
1339 1826 1464 1855 omne

87 1874 196 1920 illud
220 1874 339 1938 quod
365 1877 526 1920 eminet
546 1893 556 1930 3
590 1875 702 1920 sicut
719 1892 766 1920 ex
798 1874 970 1920 occulta
991 1875 1071 1920 Dei
1095 1876 1316 1924 voluntate
1333 1896 1466 1925 voca-

88 1956 159 1991 tur
194 1946 328 1990 homo
365 1945 418 1991 ad
455 1946 839 2009 participationem
867 1956 1001 1991 tantae
1024 1947 1174 2005 gratiae
1195 1983 1207 2002 ‚
1235 1948 1342 1995 alius
1365 1950 1426 1996 sic
1449 1987 1460 2006 ,

87 2015 195 2062 alius
219 2026 361 2061 autem
399 2016 460 2061 sic
490 2034 500 2061 :
540 2017 942 2079 Supereminentem
975 2033 1076 2062 vero
1106 2019 1297 2064 scientiae
1316 2020 1462 2066 chari-

88 2096 218 2132 tatem
242 2086 433 2143 Christi,
459 2105 552 2132 cam
573 2088 788 2150 profectO,
816 2088 893 2133 ubi
910 2087 983 2132 illa
1002 2098 1064 2132 est
1084 2105 1166 2151 pax
1183 2125 1193 2143 ,
1219 2106 1319 2152 quae
1342 2109 1464 2154 prae-

86 2157 201 2203 cellit
224 2174 395 2202 omnem
415 2158 699 2205 intellectum.
729 2158 813 2204 Sed
837 2158 924 2204 sive
940 2157 1028 2202 hoc
1045 2158 1090 2203 in
1112 2158 1196 2204 illis
1217 2161 1464 2223 apostolicis

85 2231 230 2276 verbis
252 2231 378 2275 etiam
398 2230 467 2276 itte
482 2230 940 2291 senseritevangelicus
956 2229 1224 2293 disputator,
1242 2234 1329 2280 sive
1344 2235 1463 2282 aliud

85 2300 246 2364 aliquid
271 2300 446 2346 fortasse
469 2301 778 2361 congruentius
798 2320 807 2357 ;
831 2300 951 2347 vides
969 2314 1113 2346 tamen
1138 2302 1267 2348 etiam
1289 2304 1394 2363 hoc,
1415 2307 1462 2353 ni

81 2370 226 2427 fallor,
249 2388 271 2416 a
297 2371 445 2430 regula
470 2372 572 2417 fidei
596 2390 683 2418 non
709 2372 958 2417 abhorrere.

147 2442 326 2489 XXXV,
351 2439 475 2487 Unde
498 2453 641 2488 autem
663 2459 781 2488 nunc
815 2445 982 2502 agimus
1005 2452 1187 2506 propter
1209 2445 1457 2492 contuitum

130 2543 141 2564 ¹
162 2541 283 2584 Ephes.
299 2553 351 2585 ιιι,
374 2543 427 2574 18.
447 2561 491 2566 —
508 2541 524 2565 ²
537 2541 625 2578 Beda
646 2544 788 2587 vulgatus
806 2542 924 2588 Ephes.
944 2553 1000 2582 ιιι,
1025 2543 1076 2575 18.
1091 2561 1135 2567 —
1154 2541 1168 2566 3
1185 2546 1221 2576 In
1238 2546 1370 2590 epistola
1383 2559 1460 2591 cu,

81 2608 152 2644 cap.
173 2598 229 2631 26.
