1799 3251
603 289 814 321 Emsrota
852 290 995 322 crxix.
1397 278 1487 340 369

116 356 318 404 disserere
334 368 376 404 et
392 357 568 418 longum
591 369 654 404 est
669 395 680 414 ,
698 369 739 403 et
753 375 838 403 non
856 358 1155 407 necessarium.
1178 360 1277 407 Huc
1296 360 1481 415 accedit,

114 429 218 493 quia
240 439 339 475 sunt
363 429 544 475 visiones
561 467 571 486 ,
595 445 694 492 quae
716 440 931 491 apparent
960 428 1133 492 spiritui
1154 440 1362 494 tanquam
1387 447 1489 476 cor-

115 499 234 562 poris
259 499 454 545 sensibus
472 536 482 555 ,
508 516 594 545 non
617 499 756 545 solum
777 499 1096 546 dormientibus
1123 500 1190 547 vel
1213 500 1458 547 furentibus
1473 537 1484 555 ‚

114 567 186 613 sed
211 568 447 632 aliquando
471 585 586 615 sanae
607 569 761 614 mentis
785 568 1098 628 vigilantibus3
1132 587 1221 616 non
1260 587 1338 634 per
1360 569 1489 615 falla-

112 638 222 683 ciam
240 638 518 685 illudentium
542 639 793 685 daemonum
811 675 821 694 ,
845 638 917 684 sed
939 657 1017 702 per
1043 640 1230 703 aliquam
1257 640 1489 687 revelatio-

111 724 210 753 nem
229 708 465 772 spiritalem
484 747 495 766 ‚
516 726 615 773 quae
635 710 683 755 fit
706 726 784 773 per
806 707 965 754 formas
988 709 1267 773 incorporeas
1288 710 1489 773 corpori-

110 778 192 824 bus
227 779 383 825 similes
403 799 414 834 3
449 797 551 844 quae
589 779 774 826 discerni
816 780 994 825 omnino
1034 797 1122 826 non
1157 791 1369 844 possunt,
1409 780 1490 826 nisi

111 848 260 896 divino
281 850 499 911 adjutorio
514 852 685 916 plenius
701 850 961 907 revelentur,
979 861 1020 896 et
1035 851 1188 896 mentis
1204 851 1487 911 intelligentia

107 921 422 982 dijudicentur,
451 924 517 969 vix
552 922 787 986 aliquando
819 939 919 968 cum
950 923 1062 968 fiunt
1082 960 1092 979 ‚
1131 922 1203 968 sed
1230 923 1489 986 plerumque

105 1003 254 1056 postea
271 1010 374 1039 cum
396 994 657 1041 transierint.
683 995 794 1050 Quae
821 1010 921 1039 cum
941 994 999 1039 ita
1019 993 1132 1050 sint,
1153 993 1239 1039 sive
1259 994 1305 1039 in
1324 993 1490 1039 naturis

106 1063 328 1126 corporeis
342 1100 352 1119 ‚
384 1063 472 1110 sive
493 1063 579 1112 sola
607 1064 747 1128 specie
768 1063 1008 1128 corporali,
1029 1075 1182 1110 natura
1203 1074 1346 1110 autem
1365 1064 1490 1127 spiri-

108 1132 182 1179 tali
218 1144 364 1180 nostro
389 1134 562 1198 spiritui
598 1146 804 1198 tanquam
834 1135 1029 1180 sensibus
1053 1135 1246 1199 corporis
1283 1152 1491 1198 apparere

106 1203 355 1260 videantur,
393 1205 569 1268 quando
608 1205 706 1251 haec
744 1222 862 1250 sacra
891 1205 1120 1268 Scriptura
1145 1215 1484 1261 commemorat,

105 1276 231 1334 cujus
264 1274 447 1320 istorum
480 1274 669 1321 duorum
697 1275 861 1336 generis
893 1275 1004 1333 sint,
1031 1287 1073 1322 et
1099 1287 1245 1322 utrum
1270 1275 1487 1321 mediante

104 1345 200 1392 viva
220 1356 414 1392 creatura
439 1347 566 1403 fiant,
589 1348 619 1392 si
638 1364 821 1410 corpore
841 1348 953 1393 fiunt
972 1384 982 1403 ‚
1003 1347 1204 1407 judicare
1225 1358 1381 1393 temere
1398 1365 1488 1393 non

104 1415 313 1462 debemus
336 1433 346 1461 ε
373 1415 479 1462 dum
504 1427 645 1463 tamen
669 1417 906 1474 Creatoris‚
928 1417 1016 1463 hoc
1036 1428 1096 1463 est
1116 1455 1125 1471 ‚
1155 1434 1336 1464 summae
1357 1429 1484 1482 atque

101 1485 332 1533 ineffabilis
373 1487 598 1534 Trinitatis
644 1487 904 1534 invisibilem
931 1526 941 1545 ‚
984 1488 1484 1553 incommutabilemque

100 1567 299 1603 naturam
315 1595 326 1614 ‚
351 1568 392 1603 et
410 1575 433 1603 a
451 1557 702 1604 mortalium
724 1558 964 1604 carnalium
984 1559 1177 1605 sensibus
1196 1597 1207 1614 ‚
1229 1569 1269 1605 et
1288 1560 1342 1606 ab
1364 1558 1484 1605 omni

100 1627 464 1675 convertibilitate
481 1666 491 1685 ,
513 1629 600 1675 sive
617 1629 662 1674 in
689 1628 840 1674 melius
858 1665 868 1683 ,
893 1629 1044 1675 sivein
1075 1629 1263 1675 deterius
1281 1667 1292 1686 ,
1318 1629 1405 1676 sive
1430 1630 1477 1675 in

100 1698 332 1763 quodlibet
356 1699 473 1745 aliud
508 1710 635 1763 atque
661 1698 808 1756 aliud,
832 1710 1042 1745 remotam
1069 1710 1197 1764 atque
1221 1700 1447 1746 discretam
1466 1737 1477 1756 ,

100 1768 168 1815 vel
207 1770 296 1815 sine
334 1769 423 1815 ulla
456 1769 733 1815 dubitatione
773 1769 1029 1825 credamus,
1069 1770 1135 1817 vel
1167 1770 1479 1835 qualicumque

100 1840 229 1886 etiam
252 1839 537 1900 intelligentia
563 1840 800 1903 capiamus.

163 1912 267 1958 XII.
297 1912 406 1957 Haec
429 1911 509 1957 tibi
532 1911 585 1956 de
610 1911 784 1957 duabus
808 1912 1126 1975 quaestionibus
1143 1950 1154 1968 ,
1190 1911 1276 1959 hoc
1305 1923 1394 1971 est,
1421 1912 1475 1960 de

98 1982 313 2028 Trinitate
344 1992 387 2028 et
413 1981 646 2039 columba,
676 1983 721 2027 in
746 1999 832 2046 qua
866 1983 1056 2046 Spiritus
1078 1993 1251 2029 sanctus
1287 2000 1374 2029 non
1398 2000 1475 2030 sua

96 2064 278 2110 natura,
302 2053 376 2099 sed
401 2053 687 2113 significativa
712 2053 854 2116 specie
890 2053 1208 2100 demonstratus
1241 2064 1330 2109 est;
1360 2054 1474 2101 sicut

95 2135 140 2171 et
176 2124 310 2170 Filius
336 2125 419 2170 Dei
449 2141 536 2170 non
569 2141 644 2170 sua
682 2124 937 2181 nativitate,
977 2124 1031 2171 de
1052 2141 1139 2189 qua
1171 2126 1300 2171 Pater
1323 2124 1428 2172 dixit
1457 2142 1468 2171 t

96 2218 117 2238 «
144 2197 254 2243 Ante
277 2194 511 2241 luciferum
535 2195 662 2256 genui
680 2194 768 2252 te1,
796 2217 815 2237 >2
837 2194 973 2241 sedin
1000 2195 1179 2241 homine
1201 2206 1399 2260 suscepto
1424 2212 1470 2242 ex

96 2277 219 2313 utero
248 2265 456 2326 virginis,
497 2283 520 2311 a
558 2265 723 2311 Judaeis
760 2266 991 2312 crucifixus
1028 2276 1113 2322 est;
1148 2265 1306 2312 videris
1336 2284 1469 2330 quam

95 2338 230 2382 otioso
253 2353 330 2396 ego
359 2346 500 2382 tamen
519 2336 876 2399 occupatissimus
896 2336 1084 2382 scribere
1103 2336 1240 2399 potui.
1267 2337 1357 2382 Nec
1378 2353 1469 2400 pu-

96 2405 184 2453 tavi
208 2407 354 2453 omnia
377 2407 683 2469 pertractanda
703 2444 713 2463 ‚
749 2423 848 2470 quae
885 2406 1067 2470 posuisti
1092 2407 1136 2451 in
1155 2406 1306 2452 litteris
1340 2408 1422 2453 tuis
1453 2425 1463 2452 ε

91 2495 244 2526 verum
272 2477 327 2524 ad
345 2477 419 2524 illa
441 2476 550 2533 duo,
584 2495 683 2543 quae
703 2496 749 2524 ex
773 2496 840 2525 me
876 2478 1025 2524 audire
1056 2477 1255 2535 voluisti,
1279 2495 1346 2524 me
1379 2496 1466 2525 res·

141 2589 151 2611 ¹
173 2587 366 2628 Manli.111‚
388 2599 444 2627 ιτς
462 2587 562 2621 Marc.
587 2601 613 2628 1,
643 2592 866 2628 10;1.uc.11·‚
888 2588 1226 2628 23,e11‘=a1.t‹x,3.

1326 2652 1337 2671 t

255 2667 413 2699 exLVll.
1285 2668 1308 2696 ‘2
1323 2672 1343 2707 4
