1799 3251
543 320 753 352 EPISTOLA
788 321 994 351 ctxxxvr.
1374 304 1467 352 505

98 394 232 441 tuere,
254 385 438 446 Justitiae
470 387 548 432 Dei
574 403 661 431 non
686 396 785 432 sunt
808 385 1036 446 subjecti1.
1057 407 1077 426 »
1103 384 1276 441 Quibus
1296 386 1465 448 utique,

95 456 304 517 quoniam
326 455 567 501 Christiani
587 454 883 518 appellantur,
911 456 1046 515 magis
1070 453 1388 499 observandum
1407 465 1469 498 est

93 542 226 589 quam
253 525 443 579 Judaeis,
469 526 522 571 de
557 526 720 589 quibus
746 526 830 571 hoc
856 526 962 571 dixit
988 524 1249 588 Apostolus,
1270 544 1290 565 c<
1308 524 1370 568 Ne
1400 523 1468 569 of-

95 615 116 635 »
141 593 324 640 fendant
348 596 394 641 in
423 596 615 659 lapidem
641 595 911 641 offentionis²
930 631 941 651 ‚
968 594 1127 640 »velut
1155 604 1303 653 argute
1325 592 1471 639 defen-

93 663 238 710 dendo
268 675 469 710 naturam
504 676 545 710 et
581 664 771 709 liberum
798 665 1026 710 arbitrium
1051 700 1060 715 ,
1098 663 1470 726 quemadmodum

91 734 351 798 philosophi
391 736 524 795 hujus
560 734 743 789 mundi,
780 735 855 798 qui
896 734 1173 779 vehementer
1208 743 1386 792 egerunt
1421 743 1470 778 ut

93 814 355 867 putarentur
379 806 446 851 vel
478 816 684 869 putarent
716 806 801 850 sibi
824 806 997 850 beatam
1022 805 1155 849 vitam
1179 804 1340 848 virtute
1362 820 1471 866 pro-

91 874 202 936 priae
240 875 478 921 voluntatis
501 876 666 921 efficere
684 876 716 922 3.
756 876 948 921 Caveaut
983 891 1083 933 ergo
1116 873 1185 919 isti
1217 890 1269 918 ne
1292 890 1371 936 per
1398 891 1470 918 sa-

92 943 307 1006 pientiam
332 945 454 990 verbi
479 955 689 990 evacuent
714 961 888 990 crucem
925 943 1116 1000 Christi,
1143 954 1184 988 et
1214 944 1301 989 hoc
1330 943 1384 988 sit
1411 943 1470 988 eis

91 1013 312 1058 offendere
343 1014 387 1058 in
412 1014 602 1077 lapidem
630 1014 889 1060 offensionis.
924 1015 1088 1059 Natura
1108 1014 1222 1058 enim
1243 1012 1466 1058 humanal·

93 1083 259 1127 etiamsi
281 1083 325 1128 in
344 1083 417 1129 illa
440 1084 684 1143 integritate
704 1085 748 1129 in
771 1101 858 1147 qua
880 1083 1056 1128 condita
1084 1093 1145 1127 est
1164 1092 1436 1145 permaneret
1455 1119 1466 1137 ‚

90 1151 212 1197 nullo
236 1152 368 1198 modo
393 1170 434 1198 se
457 1154 596 1216 ipsam
630 1155 836 1199 Creatore
863 1170 939 1198 suo
960 1169 1048 1197 non
1071 1152 1306 1212 adjuvante
1324 1168 1471 1196 serva-

91 1233 171 1269 ret.
199 1222 313 1268 Cum
338 1223 472 1283 igitur
496 1225 585 1269 sine
612 1225 693 1270 Dei
721 1224 857 1284 gratia
885 1223 1064 1268 salutern
1091 1239 1179 1267 non
1204 1222 1340 1285 possit
1367 1238 1471 1266 cus-

89 1291 253 1347 todire,
282 1309 418 1356 quam
447 1294 616 1357 accepit
639 1314 649 1346 ;
675 1293 898 1357 quomodo
937 1293 1024 1338 sine
1058 1292 1138 1337 Dei
1171 1292 1306 1352 gratia
1329 1302 1472 1354 potest

88 1379 313 1426 reparare,
342 1381 473 1427 quam
505 1365 733 1427 perdidit.D

153 1432 410 1481 XXXVIII.
441 1435 540 1480 Non
576 1446 721 1480 autem
741 1434 838 1480 ideo
862 1451 943 1498 pro
968 1433 1056 1479 istis
1080 1450 1168 1478 non
1187 1448 1309 1477 orare
1335 1431 1471 1477 debe-

88 1518 213 1557 mus,
240 1503 342 1565 quia
376 1504 409 1549 si
444 1521 531 1549 non
563 1505 860 1564 corriguntur,
897 1520 1044 1549 eorum
1075 1501 1384 1565 imputandum
1409 1512 1472 1546 est

88 1571 307 1618 voluntati
328 1610 339 1627 ‚
364 1574 442 1636 qui
476 1574 633 1620 nolunt
658 1574 831 1620 credere
854 1574 983 1619 etiam
1020 1573 1075 1618 ad
1099 1573 1187 1617 hoc
1209 1572 1353 1634 ipsum
1387 1571 1470 1616 sibi

88 1643 369 1687 necessariam
401 1644 585 1700 gratiam
619 1643 856 1689 Salvatoris
875 1680 885 1698 ‚
919 1642 1038 1705 quod
1063 1652 1219 1704 putant
1243 1640 1472 1686 consistere

87 1711 133 1756 in
153 1711 253 1757 solis
277 1712 443 1759 viribus
471 1713 721 1760 voluntatis.
750 1714 859 1759 Nam
876 1723 916 1758 et
939 1713 1001 1758 illi
1027 1713 1187 1775 quibus
1212 1721 1311 1755 sunt
1334 1710 1402 1755 isti
1425 1710 1470 1754 in

87 1780 173 1827 hac
194 1798 321 1827 causa
355 1784 534 1829 omnino
557 1784 764 1829 simillimi
786 1821 796 1839 ‚
825 1783 878 1829 de
900 1783 1063 1846 quibus
1087 1782 1174 1827 hoc
1197 1780 1303 1825 dixit
1328 1782 1472 1843 Apos-

88 1850 202 1896 tolus
221 1889 232 1907 ‚
260 1852 380 1914 quod
406 1855 697 1913 «Ignorantes
722 1855 800 1899 Dei
819 1852 1032 1913 justitiam
1055 1862 1095 1897 et
1123 1867 1243 1896 suam
1278 1849 1471 1895 volentes

89 1942 110 1962 »
133 1922 393 1968 constituere
412 1960 421 1978 ‚
454 1924 635 1983 justitiae
659 1924 735 1968 Dei
770 1940 857 1968 non
878 1933 977 1968 sunt
1002 1920 1206 1980 subjecti,
1230 1940 1249 1960 »
1275 1918 1471 1981 profecto

87 2007 177 2036 suae
195 1992 432 2038 voluntatis
460 1993 566 2038 vitio
587 2011 675 2038 non
709 1992 961 2039 credebant.
997 1993 1095 2036 Non
1127 1990 1239 2035 enim
1266 1999 1313 2034 ut
1335 1999 1473 2033 essent

87 2059 281 2107 infideles
299 2098 310 2118 ‚
333 2063 604 2121 cogebantur
627 2064 671 2108 in
697 2063 850 2108 vitium
869 2083 878 2116 ;
906 2061 978 2106 sed
1003 2058 1191 2105 nolendo
1212 2058 1384 2103 credere
1400 2059 1471 2103 in-

89 2129 308 2177 fidelitatis
333 2133 514 2178 crimine
529 2150 617 2178 non
643 2134 862 2178 carebant.
894 2133 948 2176 Et
968 2142 1109 2176 tamen
1127 2130 1227 2190 quia
1246 2129 1468 2183 voluntas,

88 2211 137 2246 ut
156 2200 212 2246 ad
237 2219 337 2247 vera
364 2202 580 2248 credenda
605 2214 848 2258 moveatur,
872 2220 962 2247 non
983 2200 1063 2246 sibi
1082 2199 1238 2244 sufficit
1256 2236 1266 2253 ,
1294 2199 1373 2243 nisi
1394 2215 1472 2260 per

88 2270 270 2330 gratiam
309 2273 423 2316 Deus
456 2272 713 2334 opituletur,
743 2272 915 2317 dicente
941 2271 1035 2333 ipso
1064 2269 1251 2314 Domino
1286 2284 1386 2312 cum
1418 2266 1471 2311 de

90 2356 178 2385 non
206 2340 486 2386 credentibus
508 2342 760 2405 loqueretur
782 2360 792 2386 t
815 2363 832 2381 c<
853 2342 992 2387 Nemo
1008 2340 1127 2384 venit
1142 2338 1195 2383 ad
1216 2355 1283 2383 me
1301 2375 1311 2393 ‚
1337 2338 1416 2382 nisi
1435 2338 1473 2382 ei

90 2432 109 2452 »
129 2409 282 2455 datum
317 2409 450 2456 fuerit
479 2429 501 2456 a
526 2413 681 2458 Patre-'²
711 2430 721 2457 ε
747 2433 766 2453 >>
793 2421 975 2474 propter
1014 2409 1102 2454 hoc
1137 2419 1178 2453 et
1212 2406 1469 2470 Apostolus,

89 2480 290 2543 quamvis
332 2481 391 2526 eis
425 2483 635 2527 instanter
670 2481 953 2541 Evangelium
988 2478 1284 2542 praedicaret,
1315 2494 1472 2540 parum

138 2580 147 2601 ¹
167 2582 262 2610 Rom.
283 2591 312 2618 x,
334 2591 364 2617 2,
391 2581 423 2611 3.
443 2598 487 2603 -—·
510 2578 525 2602 ²
544 2581 591 2612 Id.
617 2593 664 2621 ix,
689 2594 742 2612 22.
767 2600 807 2605 —
836 2578 850 2602 3
877 2580 960 2611 Vide
976 2590 1068 2622 supra
1087 2578 1183 2620 epist.
1207 2579 1282 2612 155,
1304 2587 1333 2607 n.
1355 2587 1389 2616 2,
1405 2581 1468 2607 etc-

94 2646 107 2665 1
128 2636 201 2666 Cor.
228 2646 254 2672 1,
278 2646 332 2674 17.
349 2653 391 2660 —
410 2633 424 2656 ⁴
441 2635 563 2668 Concil.
579 2637 724 2669 Arausio.
744 2648 777 2680 2,
795 2646 862 2668 can.
883 2647 934 2676 19.
953 2653 996 2659 —
1014 2633 1028 2656 ⁵
1048 2637 1144 2666 Joan.
1163 2643 1204 2669 vr,
1223 2632 1278 2662 66·
