1799 3251
604 287 813 320 Erisrom
849 290 994 320 crxvl.
1402 278 1493 327 333

114 354 244 411 fecit,
271 353 554 400 verumetiam
581 352 746 416 aliquid
776 370 861 399 non
889 353 1009 416 quod
1034 354 1228 407 nondum
1245 392 1256 412 ,
1283 356 1355 403 sed
1371 359 1492 422 quod

111 429 202 486 jam
238 435 478 480 creaverat,
511 425 779 470 numerosius
806 425 992 470 creando
1015 442 1151 489 usque
1186 443 1303 473 nunc
1335 446 1492 492 opera-

116 508 203 542 tur.
234 495 310 542 Vel
335 495 396 540 sic
419 512 518 555 ergo
543 495 610 540 vel
640 494 722 540 alio
741 494 871 540 modo
899 496 1106 558 quolibet
1131 497 1292 543 eximus
1321 499 1377 543 ab
1409 516 1459 545 eo
1476 535 1490 556 ,

114 565 235 630 quod
254 565 379 611 nobis
400 565 610 626 objicitur
638 564 690 610 de
711 565 857 628 requie
885 565 964 609 Dei
991 566 1047 610 ab
1075 566 1280 629 operibus
1301 569 1415 627 sui5‚
1438 585 1493 614 ne

115 647 343 701 propterea
362 653 447 681 non
469 635 694 681 credamus
717 652 835 680 nunc
863 652 998 698 usque
1020 637 1112 681 fieri
1134 638 1298 685 animas
1326 655 1458 686 novas
1476 676 1488 696 ,

119 723 208 752 non
232 723 278 750 ex
302 705 376 750 illa
400 722 486 750 una
504 742 514 761 ,
543 705 615 750 sed
642 705 754 750 sicut
777 704 896 750 illam
923 721 1070 752 unam.

180 776 306 822 XIII.
337 775 448 819 Nam
469 774 589 837 quod
607 774 786 829 dicitur,
811 774 955 830 Quare
975 774 1082 820 facit
1104 776 1269 822 animas
1289 777 1366 834 eiS,
1385 795 1494 842 quos

115 846 241 892 novit
263 845 349 890 cito
372 845 635 890 morituros?
669 846 905 889 Possumus
939 845 1198 907 respondere
1215 884 1226 903 ,
1260 859 1493 910 parentum

115 915 222 961 hinc
240 926 417 978 peccata
439 914 504 960 vel
528 915 753 971 convinci,
775 914 838 960 vel
857 914 1078 974 flagellari.
1104 916 1341 963 Possumus
1361 919 1491 965 etiam

116 997 229 1031 recte
252 985 366 1030 illius
392 984 675 1029 moderationi
694 984 772 1029 ista
792 983 1055 1047 relinquere,
1076 1002 1203 1048 quem
1225 987 1385 1034 scimus
1403 1005 1493 1034 om-

116 1055 248 1101 nibus
272 1053 570 1117 temporaliter
600 1054 926 1099 transeuntibus
962 1055 1116 1112 rebus,
1142 1056 1220 1100 ubi
1245 1068 1345 1102 sunt
1364 1060 1494 1104 etiam

121 1124 373 1171 animalium
401 1134 520 1169 ortus
544 1133 584 1168 et
611 1124 779 1178 obitus,
813 1140 987 1168 cursum
1009 1124 1329 1170 ornatissimum
1367 1138 1497 1188 atque

118 1194 484 1241 ordinatissimum
511 1194 612 1239 dare
634 1213 644 1247 3
666 1193 738 1239 sed
756 1210 830 1238 nos
854 1193 933 1238 ista
951 1194 1106 1239 sentire
1124 1211 1211 1239 non
1235 1212 1372 1257 posse,
1394 1213 1494 1260 quae

117 1265 152 1311 si
188 1267 468 1320 sentiremus,
501 1263 783 1310 delectatione
816 1263 1026 1309 ineffabili
1055 1264 1359 1312 mulceremur.
1394 1268 1492 1311 Non

117 1336 230 1382 enim
249 1336 407 1381 frustra
430 1352 509 1397 per
528 1335 795 1397 Prophetam
815 1371 827 1390 ,
848 1334 924 1397 qui
939 1334 1036 1379 haec
1051 1333 1261 1379 divinitus
1282 1336 1492 1398 inspirata

118 1405 356 1459 didicerat,
388 1404 554 1450 dictum
587 1415 648 1449 est
671 1404 724 1449 de
754 1405 871 1459 De0,
906 1424 926 1444 «
958 1404 1045 1460 Qui
1073 1404 1240 1466 profert
1268 1422 1492 1451 numerose

120 1498 140 1520 J)
165 1477 373 1523 saeculum
396 1475 429 1522 ¹1.
466 1498 485 1517 ))
520 1475 645 1521 [nde
682 1476 872 1531 musica,
908 1474 952 1520 id
985 1485 1046 1520 est
1079 1475 1254 1521 scientia
1296 1493 1493 1523 sensusve

118 1549 228 1594 bene
255 1546 541 1602 modulandi,
582 1546 635 1591 ad
669 1545 1009 1592 admonitionem
1042 1563 1211 1606 magnae
1242 1547 1327 1603 rei,
1362 1547 1492 1594 etiam

119 1618 377 1664 mortalibus
416 1617 646 1662 rationales
679 1616 944 1661 habentibus
979 1616 1143 1661 animas
1179 1616 1257 1662 Dei
1294 1616 1493 1677 largitate

119 1705 317 1734 concessa
341 1697 414 1734 est.
438 1686 563 1732 Unde
588 1687 621 1732 si
648 1687 779 1731 homo
806 1685 993 1731 faciendi
1012 1685 1214 1731 carminis
1239 1686 1389 1732 artifex
1409 1704 1493 1733 no-

119 1759 182 1806 vit
215 1775 322 1822 quas
358 1758 518 1821 quibus
556 1774 697 1802 moras
722 1757 904 1802 vocibus
937 1756 1103 1801 tribuat
1123 1792 1132 1810 ‚
1166 1767 1212 1801 ut
1235 1756 1346 1802 illud
1370 1757 1492 1821 quod

121 1829 293 1876 canitur
311 1827 620 1873 decedentibus
639 1844 687 1872 ac
708 1825 1041 1872 succedentibus
1060 1826 1171 1871 sonis
1196 1825 1494 1889 pulcherrime

120 1909 268 1945 currat
292 1915 340 1944 ac
361 1909 570 1950 transeat3
596 1908 760 1960 quanto
788 1896 920 1956 magis
939 1896 1055 1941 Deus
1073 1932 1084 1952 ,
1113 1899 1236 1955 cujus
1259 1897 1487 1959 sapientia,

119 1987 198 2033 per
213 1986 346 2033 quam
364 1967 464 2014 fecit
482 1968 624 2013 onmia
641 2004 651 2023 ‚
674 1967 797 2026 longe
817 1966 1021 2011 omnibus
1037 1965 1204 2011 artibus
1223 1966 1492 2028 praeferenda

119 2051 207 2096 est,
230 2039 349 2085 nulla
370 2040 414 2084 in
434 2039 600 2084 naturis
626 2037 903 2083 nascentibus
923 2047 962 2081 et
988 2035 1291 2082 occidentibus
1316 2048 1489 2102 tempo-

119 2128 217 2157 rum
242 2111 379 2174 spatia
396 2147 407 2165 ,
429 2126 528 2173 quae
545 2120 749 2172 tanquam
779 2107 961 2170 syllabae
987 2124 1036 2152 ac
1060 2108 1192 2153 verba
1217 2108 1270 2153 ad
1290 2109 1491 2171 particu-

120 2181 182 2226 las
208 2181 340 2241 hujus
364 2179 510 2225 saeculi
533 2181 774 2242 pertinent,
802 2180 847 2222 in
867 2176 952 2221 hoc
971 2176 1213 2221 labentium
1234 2195 1375 2223 rerum
1401 2189 1494 2224 tan-

121 2268 252 2314 quam
290 2249 479 2295 mirabili
519 2250 691 2294 cantico
710 2285 720 2302 ‚
761 2246 828 2292 vel
870 2247 1067 2303 breviu53
1100 2246 1166 2291 vel
1202 2248 1459 2309 productius
1476 2285 1490 2306 ‚

120 2338 252 2384 quam
283 2318 521 2365 modulatio
546 2317 812 2381 praecognita
835 2327 874 2362 et
900 2316 1116 2378 praefinita
1140 2316 1354 2379 deposcit,
1380 2336 1493 2381 prae-

120 2392 245 2437 terire
269 2389 515 2453 permittit?
530 2389 626 2433 Hoc
645 2404 745 2433 cum
764 2387 891 2432 etiam
913 2385 965 2430 de
987 2386 1153 2431 arboris
1170 2386 1272 2433 folio
1292 2387 1490 2446 dixerim,

120 2461 237 2507 etde
257 2471 502 2506 nostrorum
535 2475 716 2504 numero
753 2457 1045 2521 capillorum3
1085 2467 1250 2519 quanto
1285 2459 1417 2519 magis
1440 2460 1495 2505 de

121 2532 312 2579 hominis
346 2539 447 2575 ortu
481 2538 521 2574 et
546 2545 728 2583 occasu,
767 2531 891 2587 cujus
925 2527 1175 2589 temporalis
1201 2527 1286 2573 vita
1321 2529 1498 2576 brevius

170 2615 281 2657 lLegit
300 2614 384 2657 apud
403 2623 465 2644 Lxx
484 2612 558 2646 lsai.
579 2623 631 2653 η,
654 2614 707 2643 26.
730 2610 889 2652 ὀὲκρέφων
911 2609 1112 2650 κατ’ἁριθμὸν
1134 2609 1183 2640 ’.ὃν
1206 2608 1313 2650 κόσμον
1335 2609 1449 2648 αὐτοῦ,
