1799 3251
372 257 432 303 80
796 268 830 298 s,
872 267 1116 298 aussus‘rim
1150 268 1354 299 EPISCOPI

372 350 601 401 queremus
617 371 628 391 ,
654 332 725 379 cui
743 349 820 396 per
841 333 996 378 malam
1016 350 1134 378 suam
1152 351 1323 380 causam
1347 330 1632 397 praejudicare
1651 347 1738 382 non

373 418 518 475 posset
542 425 552 452 :
573 422 672 451 cum
689 420 787 462 ergo
812 404 942 447 etiam
965 403 1018 448 ad
1040 404 1178 466 ipsam
1202 404 1425 450 Caeciliani
1442 423 1612 451 causam
1637 423 1739 451 ven-

371 495 465 529 tum
497 478 669 531 fuisset,
697 485 740 519 et
761 473 957 532 legissent
977 473 1040 518 illi
1065 474 1300 520 concilium
1327 477 1702 535 Carthaginiense1
1724 514 1736 532 ,

374 552 452 600 ubi
476 547 716 595 recitabant
736 545 1007 605 septuaginta
1030 544 1128 607 plus
1153 545 1295 590 minus
1319 546 1623 609 episcoporum
1647 565 1740 593 sen·

373 623 526 670 tentias
546 627 698 663 contra
725 614 1007 659 Caecilianum
1028 616 1246 660 absentem
1272 616 1460 679 prolatas
1481 635 1489 662 :
1516 618 1739 681 respondi-

373 711 468 740 mus
497 690 579 744 eis,
615 687 674 732 sic
713 702 800 731 non
831 684 977 729 obesse
1016 685 1128 730 illud
1165 686 1468 750 episcoporum
1503 689 1740 734 concilium

374 761 539 810 absenti
580 755 840 809 Caeciliano,
869 755 1235 816 quemadmodum
1261 774 1349 802 non
1374 757 1518 803 obfuit
1544 758 1739 821 plurium

372 835 676 898 episcoporum
696 825 830 889 partis
849 825 1011 870 Donati
1032 825 1292 871 concilium2
1308 827 1473 873 absenti
1499 829 1734 883 primiano,

369 900 547 968 quando
571 914 668 943 eum
688 896 733 941 in
749 894 1002 939 Maximiani
1018 910 1144 940 causa
1158 895 1258 957 plus
1274 897 1414 942 minus
1434 909 1610 942 centum
1626 898 1739 960 epis-

372 972 473 1036 copi
494 970 818 1016 damnaverant.
852 965 976 1009 Tunc
994 963 1056 1009 illi
1070 965 1291 1011 nominata
1311 983 1437 1012 causa
1457 967 1706 1013 Maximiani
1723 1004 1736 1023 ,

372 1042 488 1090 unde
513 1039 655 1085 sciunt
681 1052 722 1080 se
747 1034 873 1079 etiam
903 1050 1011 1097 quos
1043 1033 1382 1092 damnaverant,
1410 1038 1641 1083 inhonore
1668 1038 1740 1083 in-

371 1125 489 1172 tegro
525 1106 756 1168 suscepisse
774 1141 784 1160 ,
810 1114 851 1148 et
875 1104 1144 1166 baptismum
1178 1105 1224 1150 in
1260 1107 1463 1166 sacrilego
1488 1107 1740 1152 Maximiani

369 1182 599 1230 schismate
623 1177 770 1222 datum
801 1191 841 1219 se
867 1176 1162 1231 confirmasse,
1184 1187 1224 1221 et
1240 1194 1327 1222 non
1348 1177 1617 1234 destruxisse3
1635 1178 1740 1223 etin

368 1246 719 1310 suaBagaitanass
742 1246 947 1291 sententia
968 1282 977 1299 ,
1003 1263 1088 1309 qua
1108 1264 1177 1292 eos
1199 1247 1534 1303 damnaverunt,
1559 1248 1740 1311 quibus-

368 1324 471 1371 dam
489 1319 628 1385 quiin
652 1318 746 1380 ipso
772 1316 1002 1361 schismate
1034 1317 1209 1363 fuerunt
1225 1356 1235 1374 ,
1265 1318 1516 1364 dilationem
1544 1318 1735 1373 dedisse,

368 1405 412 1441 et
429 1392 577 1439 dixisse
596 1386 712 1451 quod
736 1403 804 1431 eos
826 1403 912 1431 non
940 1386 1177 1449 polluerint
1200 1389 1395 1448 sacrilegi
1417 1389 1579 1434 surculi
1607 1389 1740 1434 Maxi-

370 1463 502 1510 miani
521 1457 733 1524 plantaria
752 1474 761 1501 :
785 1457 862 1501 ista
882 1474 980 1516 ergo
1002 1473 1129 1503 causa
1146 1470 1425 1523 posteaquam
1452 1477 1600 1505 eorum
1618 1476 1739 1505 aures

368 1532 602 1597 percussit,
624 1537 945 1590 expavescentes
963 1538 1003 1572 et
1029 1529 1299 1590 perturbati,
1323 1541 1365 1575 et
1384 1530 1512 1576 obliti
1537 1530 1651 1575 unde
1670 1546 1737 1575 su-

364 1603 510 1668 perius
550 1609 700 1645 contra
742 1614 816 1642 nos
858 1597 1205 1654 contendebant,
1252 1601 1461 1645 continuo
1501 1600 1702 1646 dixerunt
1721 1617 1733 1644 :

366 1694 387 1715 (ι
414 1673 502 1718 Nec
533 1686 659 1715 causa
679 1683 817 1712 causae
833 1704 842 1722 ,
866 1684 943 1712 nec
969 1684 1150 1730 persona
1176 1686 1371 1730 personae
1393 1669 1654 1732 praejudicat
1677 1687 1687 1714 ε
1716 1690 1736 1710 >>

365 1753 409 1790 et
431 1742 797 1788 confirmaverunt
813 1737 953 1782 verbis
977 1738 1062 1782 suis
1082 1739 1198 1800 quod
1224 1757 1299 1785 nos
1323 1751 1444 1786 antea
1467 1740 1520 1786 de
1545 1739 1737 1786 Ecclesia

365 1812 640 1861 dicebamus,
678 1809 780 1870 quia
823 1824 907 1852 non
951 1808 1087 1853 solum
1130 1809 1371 1856 Catholicae
1409 1811 1705 1857 transmarinae
1720 1847 1731 1866 ‚

363 1893 516 1939 contra
534 1897 665 1943 quam
684 1896 724 1923 se
739 1878 917 1923 confessi
949 1890 1049 1924 sunt
1075 1898 1166 1925 non
1190 1881 1352 1927 habere
1371 1881 1490 1944 quod
1513 1881 1730 1937 dicerent,

363 1953 515 2000 mim
540 1950 668 1995 etiam
689 1946 930 1992 Catholicae
951 1948 1190 2006 Africanae,
1214 1968 1314 2013 quae
1336 1951 1398 1996 illi
1421 1951 1598 1997 unitatis
1612 1968 1734 1997 com·

364 2021 567 2070 munione
584 2017 880 2077 conjungitur,
903 2034 1032 2063 causa
1047 2029 1088 2063 et
1104 2037 1285 2082 persona
1299 2021 1523 2066 Caeciliani
1537 2057 1547 2075 ‚
1570 2020 1732 2084 qualis-

364 2107 552 2164 cumdque
574 2089 718 2134 fuisset
733 2124 742 2133 .
772 2087 1059 2150 praejudicare
1079 2107 1164 2135 non
1184 2103 1322 2153 posset
1341 2111 1350 2144 ;
1372 2092 1404 2136 si
1425 2091 1728 2148 Maximianus,

321 2216 323 2218 ,
364 2161 440 2225 qui
458 2177 557 2207 cum
580 2158 744 2204 caeteris
764 2158 889 2203 sociis
906 2159 990 2204 suis
1012 2161 1279 2207 Primianum
1295 2162 1537 2217 damnavitss,
1555 2163 1587 2207 si
1601 2163 1731 2207 etiam

366 2230 604 2277 Felicianus
621 2266 630 2282 ,
655 2228 728 2290 qui
752 2227 877 2272 simul
897 2228 1164 2275 Primianum
1187 2231 1432 2286 damnarit,
1457 2245 1498 2276 et
1516 2242 1663 2294 postea
1682 2232 1730 2277 in

363 2317 492 2346 causa
515 2298 722 2344 Primiani
751 2316 770 2342 a
803 2298 961 2343 Donati
985 2310 1106 2361 parte
1131 2299 1360 2346 damnatus
1383 2312 1468 2357 est,
1498 2318 1584 2346 non
1606 2318 1727 2364 prae-

354 2369 526 2429 judicat
554 2366 666 2430 parti
690 2366 873 2422 Donati,
910 2368 980 2412 cui
1014 2369 1142 2414 modo
1173 2371 1404 2433 episcopus
1422 2408 1433 2428 ,
1460 2372 1572 2417 sicut
1601 2383 1726 2420 antea

396 2477 412 2497 δ
435 2476 596 2514 Ati-„hi-
632 2472 774 2504 habitum
806 2484 821 2504 a
856 2474 992 2506 factios÷s
1037 2493 1079 2499 —
1112 2475 1126 2498 2
1149 2478 1441 2510 (zahinussiianum
1460 2491 1510 2511 an.
1540 2483 1604 2520 393
1636 2483 1727 2523 enjus

352 2530 485 2573 epistola
503 2528 655 2572 synodica
680 2528 712 2559 in
730 2531 876 2562 Eum-rat.
906 2529 936 2560 in
960 2531 1037 2561 Psal.
1061 2533 1118 2563 36.
1148 2551 1187 2555 —
1209 2529 1222 2553 3
1244 2536 1304 2564 An.
1329 2535 1391 2574 392
1419 2535 1635 2577 pronuntiata,
1650 2546 1724 2578 qvae

353 2587 487 2618 habetur
508 2585 538 2615 in
560 2584 614 2616 lib.
638 2584 664 2614 3.
687 2589 771 2616 cont.
795 2585 942 2617 Crescon.
965 2596 1033 2628 cap.
1058 2588 1111 2618 53.
