1799 3251
316 243 407 297 340
719 258 752 284 s.
799 255 1039 286 Arousrrnr
1074 254 1276 286 Eprscorr

378 323 522 368 xxti.
550 323 616 367 An
639 322 748 367 forte
772 321 1006 367 dicendum
1024 332 1103 374 est,
1135 323 1180 367 in
1212 320 1394 384 parvulo
1413 337 1586 367 carnem
1610 339 1684 368 so-

311 393 397 438 13111
434 409 605 438 causam
630 409 718 437 esse
735 392 932 454 peccati3
955 409 1110 437 novam
1134 408 1234 436 vero
1261 391 1323 436 illi
1355 391 1542 436 animam
1570 392 1680 448 fieri,

312 480 399 525 qua
435 462 673 507 secundum
703 463 781 507 Dei
799 473 1021 525 praecepta
1044 462 1230 517 vivente,
1266 461 1312 506 in
1346 461 1560 522 adjutorio
1585 479 1685 521 gra-

312 534 384 579 tiae
407 532 589 588 Christi,
615 543 655 577 et
678 532 761 594 ipsi
779 533 900 577 carni
921 532 1121 577 edomitae
1144 547 1193 577 ac
1211 531 1455 591 subjugatae
1473 532 1685 595 possitin-

310 603 605 666 corruptionis
639 603 844 648 meritum
882 603 1142 666 comparari.
1183 601 1267 646 Sed
1300 602 1402 665 quia
1431 602 1476 647 in
1500 601 1685 665 parvulo

311 673 453 719 anima
479 672 676 718 nondum
694 672 737 718 id
765 690 885 733 agere
903 684 1063 736 potest,
1087 672 1167 718 nisi
1195 671 1361 716 Christi
1381 672 1598 735 acceperit
1615 689 1686 717 sa-

309 754 597 800 eramentum,
616 743 828 806 perhanc
847 744 1027 803 gratiam
1053 742 1171 788 carni
1184 745 1274 801 ejus
1290 742 1549 806 acquiritur,
1564 740 1686 806 quod

305 814 654 860 illius‘moribus
678 813 874 859 nondum
895 814 1054 876 potuit.
1080 813 1124 859 Si
1166 823 1308 858 autem
1335 813 1423 858 sine
1436 811 1511 857 illo
1538 829 1686 857 sacra-

308 895 457 930 mento
477 884 619 930 anima
638 885 811 947 parvuli
829 885 990 937 exierit,
1018 884 1111 947 ipsa
1142 883 1320 946 quidem
1341 883 1386 928 in
1411 893 1572 928 aeterna
1597 882 1686 929 vita

306 955 402 1011 erit,
434 954 549 1000 unde
579 972 673 999 eam
699 955 867 1000 nullum
898 966 1129 1018 peccatum
1162 955 1307 1017 potuit
1327 970 1542 1017 separare,
1583 969 1685 999 caro

310 1042 410 1072 vero
432 1029 523 1084 ejus
541 1041 629 1069 non
647 1037 837 1084 resurget
853 1026 899 1071 in
918 1026 1112 1082 Christo,
1133 1042 1219 1070 non
1235 1035 1444 1088 percepto
1457 1034 1555 1070 ante
1569 1040 1687 1069 mor-

318 1106 403 1140 tem
427 1094 543 1140 illius
563 1099 863 1140 sacramento?

370 1166 540 1211 XXIII.
568 1167 694 1212 Hanc
718 1166 967 1229 opinionem
1001 1183 1227 1230 nunquam
1253 1166 1429 1222 audivi,
1457 1182 1686 1230 nunquam

302 1237 399 1298 legi.
421 1236 505 1282 Sed
531 1236 660 1299 plane
685 1238 831 1284 audivi
854 1248 894 1283 et
913 1237 1096 1292 credidi,
1119 1249 1299 1301 propter
1315 1237 1433 1301 quod
1451 1249 1492 1283 et
1511 1237 1683 1284 locutus

305 1325 399 1354 sum
429 1326 439 1353 z
468 1330 488 1349 <‹
513 1308 628 1364 Quia
651 1309 771 1354 Venit
798 1308 905 1354 hora
925 1346 935 1364 ‚
967 1308 1144 1371 quando
1178 1325 1324 1354 omnes
1347 1308 1424 1371 qui
1446 1310 1491 1353 in
1523 1325 1683 1355 monu-

309 1401 329 1422 >›
352 1380 505 1424 mentis
524 1389 639 1433 sunt,
659 1379 835 1424 audient
855 1396 1008 1424 vocem
1026 1383 1140 1440 ejus:
1166 1379 1462 1443 etprocedent
1481 1379 1557 1443 qui
1572 1379 1683 1425 bene

305 1473 325 1492 >2
349 1451 564 1499 fecerunt.
588 1452 631 1495 in
654 1451 1011 1496 resurrectionem
1027 1452 1128 1497 vitae
1145 1450 1177 1497 1.
1206 1473 1224 1492 >2
1244 1452 1344 1513 Ipsa
1367 1460 1429 1495 est
1445 1449 1498 1495 de
1515 1465 1602 1513 qua
1619 1450 1685 1495 di·

303 1523 417 1567 citur
438 1538 448 1565 :
476 1543 496 1563 α
527 1522 577 1565 lit
596 1538 673 1584 per
689 1538 825 1566 unum
844 1521 1066 1567 hominem
1091 1521 1323 1567 resurectio
1343 1531 1632 1567 mortuorum.
1663 1542 1684 1562 »

302 1593 403 1654 Ipsa
422 1601 483 1636 est
503 1608 589 1654 qua
614 1613 634 1632 α
655 1594 704 1636 111
731 1592 907 1638 Christo
928 1609 1076 1637 ornnes
1101 1591 1458 1637 vivificabuntur.
1487 1591 1574 1649 Qui
1602 1607 1684 1637 311-

301 1684 322 1704 »
348 1673 430 1708 tem
456 1661 565 1707 male
587 1673 790 1721 egerunt,
827 1663 872 1708 in
902 1663 1258 1708 resurrectionem
1278 1660 1437 1721 judicii
1456 1662 1490 1708 2.
1517 1683 1537 1704 »
1564 1661 1684 1718 Quid

303 1733 380 1779 hic
398 1750 496 1792 ergo
521 1732 575 1778 de
593 1733 678 1778 illis
700 1733 940 1778 infantibus
978 1732 1310 1793 intelligendum
1327 1742 1405 1789 est,
1429 1731 1506 1796 qui
1537 1732 1685 1795 prius-

304 1821 437 1868 quam
473 1814 648 1866 possent
673 1820 794 1863 agere
835 1804 899 1848 vel
943 1804 1053 1849 bene
1077 1803 1143 1848 vel
1178 1802 1311 1857 male,
1343 1803 1432 1848 sine
1463 1802 1684 1866 baptismo

312 1890 495 1937 corpore
513 1873 626 1918 exuti
646 1877 773 1918 sunt?
798 1873 910 1918 nihil
931 1874 1005 1919 hic
1035 1874 1088 1919 de
1107 1873 1270 1918 talibus
1293 1872 1460 1919 dictum
1489 1882 1566 1917 est.
1599 1871 1686 1917 Sed

308 1943 341 1989 si
369 1960 470 1988 caro
507 1960 655 1988 eorum
684 1943 779 1988 ideo
808 1960 896 1988 non
921 1955 1129 2003 resurget,
1154 1943 1257 2006 quia
1287 1960 1365 1989 nee
1393 1942 1497 1988 boni
1520 1941 1686 2006 aliquid

308 2014 523 2068 fecerunt,
560 2030 638 2058 nec
677 2013 805 2066 mali3
845 2030 922 2059 nec
969 2014 1143 2058 illorum
1179 2024 1472 2058 resurrectura
1504 2023 1583 2068 est,
1608 2012 1686 2075 qui

308 2094 516 2149 percepta
536 2083 744 2146 baptismi
779 2084 933 2143 gratia,
962 2084 1006 2128 in
1032 2083 1104 2128 illa
1137 2093 1263 2129 aetate
1285 2083 1480 2129 defuncti
1497 2093 1614 2138 sunt,
1639 2083 1685 2128 in

311 2172 396 2220 qua
421 2155 532 2200 nihil
572 2155 681 2199 bene
714 2154 780 2199 vel
815 2154 924 2199 male
947 2171 1069 2214 agere
1090 2165 1338 2218 potuerunt.
1376 2154 1421 2199 Si
1461 2164 1603 2199 autem
1622 2153 1685 2199 illi

310 2227 420 2271 inter
439 2236 607 2271 sanctos
633 2235 864 2284 resurgent,
879 2225 922 2270 id
942 2236 1020 2281 est,
1043 2226 1153 2270 inter
1173 2242 1243 2270 eos
1266 2225 1343 2288 qui
1357 2225 1465 2270 bene
1479 2234 1681 2284 egerunt3

311 2299 424 2342 inter
442 2314 550 2360 quos
573 2307 614 2342 et
636 2296 699 2341 illi
726 2296 1005 2342 resurrecturi
1026 2307 1141 2350 sunt,
1167 2297 1376 2341 nisiinter
1402 2313 1471 2341 eos
1484 2312 1560 2358 qur
1575 2294 1684 2339 male

311 2379 505 2428 egmerunt
542 2385 593 2413 ne
616 2367 781 2429 aliquas
802 2368 1015 2413 humanas
1044 2368 1204 2413 animas
1232 2366 1459 2412 cred‘rmus
1500 2382 1686 2443 corpora

311 2456 388 2484 sua
418 2455 505 2483 non
532 2448 798 2500 recepturas
825 2438 911 2483 sixe
936 2438 981 2483 in
1018 2438 1373 2483 resurrectionem
1396 2437 1514 2493 vitae,
1536 2436 1684 2482 sivein

309 2510 665 2557 resurrectionem
696 2510 875 2569 Judicii.
866 2514 884 2540 )
916 2511 1028 2568 Quae
1050 2511 1256 2557 sententia
1276 2510 1531 2574 priusquam
1555 2507 1683 2554 refel-

356 2595 480 2626 111131».
497 2605 524 2631 v,
549 2596 603 2627 28.
625 2611 663 2617 -—
684 2592 699 2615 ²
721 2606 731 2624 1
757 2597 830 2626 Cor.
851 2605 902 2631 xv,
920 2602 974 2627 21.
