1799 3251
542 270 751 302 ΕιηετοιΑ
789 273 976 306 cmxxv.
1349 265 1444 322 465

77 337 283 383 trucidati
301 348 414 384 sunt.
454 338 593 384 Taceo
615 336 931 385 crudelissimas
956 340 1114 399 caedes,
1145 353 1186 388 et
1212 343 1442 393 domorum

74 405 416 470 depraedationes
447 424 525 470 per
554 417 792 452 nocturnas
827 411 1114 469 aggressiones
1148 424 1189 458 et
1212 413 1439 473 incendia,

72 494 160 522 non
179 477 316 523 solum
337 477 610 540 privatorum
633 476 1014 538 habitaculorum,
1045 484 1325 531 verumetiam
1353 487 1441 532 Ec-

72 546 314 603 clesiarum,
336 548 380 592 in
400 563 507 610 quas
533 547 727 593 flammas
746 564 834 594 non
853 549 1085 598 defuerunt
1109 554 1186 616 qui
1205 565 1248 600 et
1269 555 1440 603 codices

72 615 314 663 dominicos
337 618 568 663 mitterent.

135 687 299 734 XXXI.
321 686 405 733 Sed
429 704 506 732 nos
526 686 781 747 hujusmodi
804 689 982 735 afflictos
1005 692 1148 749 malis,
1178 710 1444 759 consequens

71 757 315 803 consolatus
346 768 408 803 est
438 757 621 804 fructus.
663 758 772 802 Nam
803 759 1071 824 ubicumque
1100 780 1122 807 a
1146 763 1329 825 perditis
1361 767 1443 813 ista

69 830 296 876 commissa
330 840 429 876 sunt
451 866 462 886 ,
509 829 573 875 ibi
607 829 840 876 ferventius
873 842 1002 895 atque
1036 833 1267 896 perfectius
1302 839 1444 886 unitas

71 899 319 946 Christiana
361 899 566 963 profecit,
605 910 647 944 et
675 900 854 947 uberius
883 901 1091 949 laudatur
1113 905 1342 964 Dominus,
1372 909 1449 972 qui

68 969 228 1015 donare
255 969 458 1030 dignatus
481 980 561 1025 est,
584 979 632 1015 ut
650 970 761 1016 servi
784 974 876 1030 ejus
899 973 1172 1035 passionibus
1189 976 1275 1022 suis
1297 977 1446 1025 lucra-

67 1049 216 1085 rentur
250 1041 401 1085 lratres
443 1055 539 1084 suos
557 1075 569 1094 ,
606 1049 646 1085 et
664 1056 763 1085 oves
801 1043 836 1100 ej
846 1057 893 1086 us
922 1043 1144 1090 mortifero
1181 1062 1322 1092 errore
1350 1049 1444 1094 dis-

66 1126 209 1172 persas
232 1109 277 1155 in
301 1127 457 1173 pacem
481 1109 628 1155 salutis
663 1120 856 1167 aeternae‚
879 1128 958 1158 suo
976 1115 1181 1174 sanguine
1203 1133 1442 1178 congrega-

65 1191 174 1227 rent.
203 1181 364 1226 Potens
387 1191 447 1226 est
471 1180 683 1226 Dominus
712 1191 754 1226 et
781 1181 1036 1239 misericors,
1081 1201 1211 1248 quem
1248 1189 1445 1249 quotidie

65 1267 266 1309 rogamus
294 1263 341 1296 ut
359 1251 485 1296 etiam
503 1250 668 1296 caeteris
687 1250 760 1296 det
783 1253 1107 1315 poenitentiam,
1128 1266 1168 1301 et
1192 1258 1446 1320 resipiscant

65 1319 118 1365 de
135 1320 299 1366 diaboli
322 1320 486 1384 laqueis
499 1319 536 1376 1,
558 1338 580 1366 a
595 1337 683 1383 quo
699 1322 862 1384 captivi
880 1333 1081 1370 tenentur
1096 1326 1338 1373 seeundum
1364 1330 1441 1393 ip-

64 1390 151 1436 sius
189 1390 472 1437 voluntatem.
503 1391 592 1447 Qui
615 1408 701 1436 non
728 1405 934 1455 quaerunt
959 1395 1040 1440 nisi
1069 1396 1184 1441 unde
1214 1399 1341 1444 nobis
1364 1417 1443 1446 ca—

63 1459 332 1508 lumnientur
348 1499 358 1518 ,
396 1472 439 1507 et
475 1462 719 1508 retribuant
759 1463 871 1509 mala
907 1481 989 1527 pro
1021 1465 1148 1512 bonis
1179 1484 1190 1511 :
1218 1469 1321 1531 quia
1357 1488 1438 1517 nec

62 1531 296 1592 intelligere
311 1543 538 1586 noverunt,
554 1548 686 1595 quem
713 1533 827 1578 circa
846 1551 915 1579 eos
930 1535 1124 1581 animum
1138 1535 1436 1587 dilectionem-

62 1618 146 1664 que
166 1619 400 1657 servemus,
422 1612 463 1647 et
482 1602 705 1665 quomodo
720 1620 788 1648 eos
811 1604 992 1650 velimus
1004 1606 1244 1653 secundum
1261 1610 1439 1657 Domini

61 1670 486 1735 praeceptuin,quod
512 1688 591 1734 per
614 1672 884 1718 Ezechielem
897 1676 1162 1737 prophetam
1184 1681 1434 1739 pastoribus

61 1742 199 1796 dedit,
225 1759 425 1788 revocare
448 1752 635 1787 errantes
658 1743 694 1797 2,
726 1753 766 1788 et
789 1743 983 1806 perditos
1003 1744 1209 1794 invenire.

125 1814 312 1859 XXXII.
342 1811 410 1857 Illi
432 1822 574 1857 autem
597 1812 717 1874 quod
735 1824 775 1858 et
795 1814 898 1859 alibi
924 1814 1160 1877 aliquando
1176 1816 1436 1873 diximus,et

60 1882 179 1946 quod
196 1882 322 1928 nobis
345 1882 529 1937 faciunt,
553 1882 636 1927 sibi
656 1899 743 1927 non
776 1883 1024 1946 imputant:
1047 1895 1089 1930 et
1101 1886 1221 1949 quod
1255 1888 1340 1933 sibi
1361 1889 1432 1935 fa-

59 1954 196 2008 ciunt,
222 1952 347 1998 nobis
369 1953 607 2015 imputant:
633 1952 743 2008 Quis
766 1953 880 1998 enim
906 1958 1105 1999 nostrum
1125 1956 1329 2003 velitnon
1353 1976 1426 2004 so-

57 2022 148 2068 lum
166 2023 353 2086 aliquem
366 2022 542 2069 illorum
555 2022 712 2086 perire,
733 2024 1016 2070 verumetiam
1029 2024 1193 2088 aliquid
1217 2028 1428 2090 perdere?

59 2094 144 2140 Sed
175 2095 210 2141 si
250 2094 372 2140 aliter
393 2111 482 2140 non
516 2094 674 2140 meruit
696 2111 850 2157 pacem
884 2094 1048 2141 habere
1073 2095 1229 2143 domus
1265 2100 1428 2159 David,

56 2167 138 2212 nisi
161 2165 350 2212 Absalon
361 2165 476 2212 filius
491 2169 582 2225 ers
594 2165 640 2210 in
664 2165 797 2221 bello,
825 2164 946 2228 quod
960 2176 1112 2211 contra
1125 2178 1294 2229 patrem
1312 2188 1431 2231 gere-

57 2235 134 2281 bat
150 2235 191 2293 3,
205 2235 353 2281 fuisset
376 2235 588 2281 extinctus
605 2271 616 2290 ,
640 2235 839 2298 quamvis
863 2251 1017 2294 magna
1038 2250 1143 2281 cura
1159 2238 1434 2288 mandaven't

56 2305 160 2362 suiS,
177 2314 226 2351 ut
245 2322 345 2351 eum
379 2315 594 2368 quantum
624 2315 798 2367 possent
819 2303 968 2350 vivum
1003 2303 1256 2369 salvumque
1287 2326 1436 2357 serva-

57 2382 154 2418 rent
169 2408 180 2428 ‚
209 2385 258 2421 ut
280 2385 385 2421 esset
408 2375 481 2420 cui
498 2374 735 2438 poenitenti
750 2384 959 2438 paternus
982 2375 1158 2421 affectus
1174 2376 1430 2437 ignosceret,

58 2441 166 2506 quid
185 2442 224 2488 ei
239 2442 408 2498 restitit,
435 2445 521 2487 nisi
537 2444 760 2505 perditum
791 2444 910 2497 flere,
940 2451 982 2487 et
1000 2441 1064 2488 sui
1087 2444 1207 2502 regni
1225 2463 1335 2508 pace
1355 2466 1436 2495 ac-

58 2513 217 2577 quisita
249 2529 371 2559 suam
393 2513 645 2560 moestitiam
680 2511 925 2559 consolari?
964 2510 1039 2558 Sic
1076 2529 1177 2573 ergo
1220 2517 1439 2567 catholica

105 2595 118 2620 ¹
136 2606 155 2627 2
169 2595 252 2628 Tim.
268 2608 306 2640 ιι,
331 2596 386 2630 26,
403 2613 448 2623 -·-
464 2593 481 2619 ²
495 2594 611 2630 Ezech.
628 2605 740 2635 xxxiv,
756 2601 843 2633 4.-
861 2591 876 2618 ³
889 2603 908 2626 2
925 2594 1006 2640 Reg.
1019 2604 1112 2637 xvm,
1133 2602 1189 2635 14.

188 2664 352 2699 extvn.
1247 2652 1308 2700 30
