1799 3251
297 253 388 300 368
701 264 735 292 s.
781 262 1022 292 Aueusnul
1056 261 1260 291 EPlSCOPI

296 335 411 380 enim
431 331 706 392 obtemperat
729 329 820 373 Deo
844 337 1036 372 creatura
1069 342 1273 388 corporea
1295 325 1382 370 sine
1407 325 1667 371 vivificantis

300 405 454 451 animae
473 400 708 446 ministerio
726 435 737 455 ,
759 409 807 443 ut
834 397 1018 443 edantur
1042 396 1134 442 soni
1157 401 1304 458 quales
1323 396 1390 441 edi
1413 413 1461 441 ex
1483 412 1664 459 corpore

302 474 492 520 animato
517 469 678 524 solent,
718 479 763 513 ut
788 468 926 514 forma
964 466 1194 512 locutionis
1225 465 1463 511 articulatae
1487 466 1665 511 auribus

301 544 534 594 inl'eratur3
557 556 635 584 cur
650 556 736 583 non
754 539 1047 600 obtemperet,
1070 548 1116 581 ut
1135 537 1222 580 sine
1240 536 1393 581 animae
1410 536 1670 582 vivificantis

303 612 540 660 ministerio
588 611 725 669 figura
770 619 999 670 motusque
1038 607 1248 662 volucris,
1290 606 1435 651 eadem
1480 607 1674 669 potentia

306 683 522 731 Creatoris
539 719 550 737 ‚
573 682 792 741 ingeratur
814 680 1088 742 aspectibus?
1115 681 1179 723 An
1200 694 1344 722 sensus
1364 677 1564 723 audiendi
1590 679 1676 724 hoc

306 754 457 801 mereri
484 763 622 815 potest
640 789 650 805 ,
679 750 854 795 videndi
877 767 963 794 non
985 759 1150 811 potest,
1171 764 1271 793 cum
1291 765 1337 792 ex
1357 749 1570 808 adjacenti
1589 766 1678 794 ma-

305 825 411 872 teria
429 839 590 886 corpus
609 833 845 883 utrumque
859 821 1087 874 formetur,
1115 830 1155 863 et
1173 817 1292 882 quod
1310 819 1480 863 insonat
1500 820 1680 864 auribus

307 906 351 941 et
363 893 483 958 quod
502 903 684 956 apparet
699 892 944 954 aspectibus
958 927 968 945 ,
989 900 1029 934 et
1047 889 1164 933 vocis
1184 888 1407 934 articuliet
1423 889 1682 934 lineamenta

308 965 605 1010 membrorum
620 999 629 1017 ‚
654 973 696 1007 et
721 961 925 1006 audibilis
944 971 985 1005 et
1004 960 1186 1005 visibilis
1200 970 1341 1004 motus
1358 996 1368 1013 ‚
1399 971 1446 1004 ut
1466 971 1506 1006 ct
1532 977 1683 1005 verum

312 1036 366 1082 sit
389 1051 549 1097 corpus
573 1034 691 1096 quod
721 1033 901 1077 sentitur
929 1032 1124 1094 corporis
1142 1048 1263 1076 sensu
1280 1067 1290 1086 ,
1318 1041 1358 1075 et
1379 1031 1486 1076 nihil
1513 1033 1567 1077 sit
1589 1048 1685 1076 am-

311 1105 426 1169 plius
458 1121 589 1167 quam
611 1103 731 1166 quod
766 1103 948 1147 sentitur
981 1102 1176 1164 corporis
1200 1104 1355 1146 sensu?
1397 1103 1548 1147 Anima
1571 1102 1686 1146 enim

312 1175 435 1222 nullo
458 1191 581 1220 sensu
596 1174 790 1237 eorporis
815 1172 880 1218 vel
901 1174 943 1217 in
965 1173 1109 1234 aliquo
1126 1172 1341 1216 animante
1362 1173 1557 1218 sentitur.
1589 1172 1689 1217 Non

310 1247 444 1307 igitur
466 1257 529 1291 est
557 1261 668 1308 opus
696 1261 892 1306 quaerere
926 1242 1148 1306 quomodo
1187 1244 1435 1305 apparuerit
1468 1243 1689 1289 eolumbae

315 1317 479 1380 species
501 1315 739 1378 corporalis
758 1352 767 1366 ,
795 1316 907 1360 sicut
927 1332 1013 1358 non
1040 1313 1276 1376 quaerimus
1300 1314 1522 1376 quomodo
1541 1329 1691 1358 sonue-

315 1388 404 1434 rint
432 1404 557 1432 voces
583 1386 800 1432 articulati
824 1385 1032 1448 eorporis,
1063 1385 1107 1429 51
1128 1385 1241 1429 enim
1263 1385 1410 1448 potuit
1438 1388 1581 1430 anima
1600 1401 1691 1430 non

317 1476 403 1504 esse
423 1457 565 1503 media
579 1495 589 1512 ,
613 1458 691 1503 ubi
717 1474 796 1502 vox
812 1494 821 1511 ‚
844 1474 931 1501 11011
948 1457 1068 1518 quasi
1090 1473 1169 1500 vox
1188 1455 1351 1501 dicitur
1368 1455 1507 1508 facta3
1529 1465 1693 1518 quanto

320 1529 455 1588 magis
485 1528 664 1590 potuit,
693 1528 769 1572 ubi
805 1526 985 1581 dieitur,
1013 1529 1282 1588 «Tanquam
1307 1526 1537 1577 columba,
1566 1548 1587 1568 »
1608 1526 1695 1571 hoc

321 1599 454 1645 verbo
469 1598 708 1657 significata
727 1597 815 1642 sola
836 1597 978 1659 specie
999 1596 1215 1659 corporali
1240 1596 1377 1641 oculis
1396 1596 1563 1641 reddita
1581 1633 1591 1651 ‚
1607 1613 1697 1641 non

319 1680 478 1714 natura
494 1668 675 1713 viventis
699 1667 928 1711 animantis
942 1669 1163 1729 expressa?
1180 1667 1275 1711 Hoc
1291 1666 1420 1711 modo
1438 1667 1564 1711 etiam
1586 1665 1698 1711 illud

323 1739 487 1784 dicitur
515 1755 526 1782 ε
554 1759 573 1777 (ι
594 1738 750 1782 Factus
770 1747 832 1781 est
855 1736 1000 1781 subito
1025 1737 1078 1781 de
1095 1736 1209 1781 coelo
1233 1753 1361 1781 sonus
1373 1737 1496 1800 quasi
1518 1736 1700 1782 serretur

324 1831 345 1851 ))
369 1809 498 1854 flatus
524 1806 806 1862 vehemens1‚
830 1828 850 1847 >2
875 1817 914 1851 et
934 1807 1034 1852 visae
1056 1817 1157 1852 sunt
1181 1806 1264 1851 illis
1278 1805 1440 1866 linguae
1457 1807 1606 1852 divisae
1623 1823 1698 1852 ve-

322 1880 391 1926 lut
411 1879 552 1938 ignis:
583 1878 658 1923 ubi
692 1878 857 1922 dicitur
891 1878 1052 1940 species
1078 1878 1281 1941 quaedam
1310 1878 1433 1940 quasi
1465 1878 1593 1923 flatus
1613 1915 1623 1932 ‚
1660 1888 1704 1923 et

325 1950 445 1997 velut
464 1949 574 2008 ignis
594 1947 805 1993 sensibilis
827 1948 993 1992 usitatis
1011 1947 1159 1992 similis
1180 1948 1381 2010 notisque
1401 1949 1567 1993 naturis
1581 1986 1591 2003 ‚
1616 1965 1703 1993 non

326 2023 434 2084 ipsae
452 2020 623 2064 usitatae
642 2029 844 2080 notaeque
863 2029 1029 2063 naturae
1053 2018 1106 2063 ad
1128 2029 1298 2081 tempus
1321 2018 1448 2064 factae
1470 2019 1705 2079 significari

331 2090 550 2136 videntur.

395 2164 474 2209 XI.
502 2162 547 2206 Si
571 2172 715 2206 autem
744 2161 946 2206 subtilior
973 2162 1082 2206 ratio
1109 2161 1175 2206 vel
1198 2161 1472 2207 excellentior
1490 2163 1550 2207 rei
1573 2162 1705 2208 vesti-

331 2235 445 2294 gatio
463 2232 730 2277 demonstrat
745 2248 837 2276 eam
859 2241 1058 2276 naturam
1071 2268 1080 2281 ,
1102 2248 1201 2294 quae
1216 2248 1293 2276 nee
1315 2232 1612 2295 temporaliter
1627 2249 1707 2278 nec

331 2304 528 2350 localiter
551 2313 747 2346 movetur
763 2339 772 2356 ,
796 2318 883 2346 non
902 2302 1064 2346 moveri
1090 2302 1169 2346 nisi
1192 2319 1268 2364 per
1294 2302 1412 2347 illam
1433 2339 1443 2358 ‚
1471 2319 1568 2365 quae
1596 2313 1709 2348 tem-

333 2374 543 2438 poraliter
574 2383 746 2417 tantum
768 2409 778 2427 ‚
814 2389 901 2416 non
937 2371 1133 2417 localiter
1159 2374 1322 2418 moveri
1356 2384 1522 2436 potest3
1554 2390 1709 2419 conse-

332 2461 468 2508 quens
480 2443 561 2488 erit
581 2452 629 2487 ut
645 2441 790 2487 omnia
810 2441 882 2486 illa
906 2459 982 2504 per
1006 2441 1290 2488 ministerium
1304 2454 1513 2488 creaturae
1529 2443 1709 2488 viventis

336 2516 487 2561 effecta
521 2513 632 2563 sint,
673 2513 784 2557 sicut
816 2530 893 2575 per
929 2512 1111 2573 Angelos
1151 2514 1294 2558 fiunt:
1322 2513 1436 2559 unde
1462 2513 1710 2574 diligentius

385 2600 395 2620 ¹
415 2601 487 2630 Aet.
507 2605 544 2637 11,
564 2607 594 2627 2.
