1799 3251
364 251 447 296 182
778 267 812 296 s.
856 265 1100 297 mensum
1135 265 1339 300 misceri

353 331 601 387 adverterit,
630 332 764 377 multa
802 331 1016 388 dissolvit,
1056 349 1157 395 quae
1188 333 1301 378 inter
1337 349 1378 378 se
1405 331 1618 378 videntur
1647 350 1734 380 esse

355 403 587 448 contraria.
614 402 818 447 Inimicos
839 419 937 462 ergo
975 401 1077 447 alios
1103 402 1229 465 dicit,
1260 403 1362 448 alios
1400 401 1614 448 dilectos:
1659 403 1734 449 sed

353 473 454 535 quia
474 475 516 518 iu
543 491 628 534 uuo
649 472 812 536 populo
827 484 964 528 eraut,
995 473 1113 519 velut
1137 473 1309 519 eosdem
1350 473 1467 536 ipsos
1496 473 1640 518 dicere
1664 473 1734 519 vi-

355 543 495 589 detur.
530 548 791 607 Quanquam
817 553 856 588 et
895 560 939 588 ex
968 543 1071 606 ipsis
1091 543 1295 597 inimicis,
1319 543 1396 606 qui
1419 543 1735 590 crucifixerunt

356 613 611 667 Dominum,
642 613 836 677 plerique
857 613 1050 658 conversi
1074 624 1190 667 sunt,
1213 624 1255 659 et
1272 623 1568 676 apparuerunt
1586 613 1724 679 electi.

353 684 479 730 Tunc
496 683 636 739 electi,
656 683 833 747 quando
850 682 1044 728 conversi
1057 693 1271 746 quantum
1294 683 1347 727 ad
1363 682 1510 728 salutis
1524 682 1694 727 initium
1716 700 1727 727 t

353 764 567 818 quantum
588 771 690 799 vero
708 753 759 799 ad
793 754 869 798 Dei
894 753 1230 815 preescientiani,
1259 770 1346 798 non
1366 763 1471 797 tunc
1490 752 1631 807 electi,
1655 751 1729 798 sed

352 835 450 870 ante
473 825 827 870 constitutionem
847 823 1018 879 mundi,
1059 823 1171 869 sicut
1198 823 1312 870 idem
1333 823 1440 869 dicit
1460 823 1694 886 Apostolus
1716 860 1727 878 ‚

351 894 470 957 quod
490 895 662 955 elegerit
702 911 778 940 nos
802 904 901 939 ante
927 894 1080 939 mundi
1111 893 1463 939 constitutionem
1484 892 1517 940 4.
1549 893 1734 939 Duobus

355 967 501 1027 itaque
523 964 680 1015 modis,
704 964 785 1027 ipsi
804 964 966 1009 inimici
983 965 1058 1027 qui
1082 964 1246 1019 dilecti,
1267 965 1353 1010 sive
1371 964 1473 1026 quia
1488 963 1532 1008 111
1547 980 1633 1009 uno
1656 980 1735 1027 po-

351 1036 458 1099 pulo
479 1037 652 1101 utrique
677 1037 848 1082 fuerant
873 1036 959 1081 sive
978 1037 1081 1099 quia
1095 1053 1143 1081 ex
1163 1036 1349 1081 inimicis
1362 1035 1642 1081 saevientibus
1667 1051 1734 1081 us-

350 1121 434 1169 que
460 1105 514 1151 ad
541 1107 790 1166 sanguinem
811 1105 1004 1162 Christi,
1050 1106 1230 1170 quidam
1277 1123 1425 1151 eorum
1452 1105 1602 1151 dilecti
1628 1105 1735 1151 facti

351 1187 470 1222 erant
494 1177 732 1223 secundum
756 1177 1028 1232 electionem,
1053 1194 1155 1241 quae
1195 1177 1361 1223 latebat
1383 1177 1429 1222 in
1462 1176 1734 1239 praescientia

355 1248 448 1294 Dei.
481 1248 545 1294 Ad
564 1248 650 1294 hoc
674 1248 787 1293 enim
811 1248 1008 1293 addidit:
1033 1269 1053 1289 «
1076 1259 1256 1312 propter
1276 1249 1417 1312 patres
1434 1248 1478 1292 2:
1505 1269 1524 1289 »
1551 1248 1653 1310 quia
1671 1246 1734 1303 id,

355 1318 472 1381 quod
508 1318 708 1380 patribus
732 1319 992 1381 promissum
1032 1328 1111 1372 est,
1140 1319 1374 1396 oportebat
1398 1317 1587 1380 impleri,
1623 1317 1735 1362 sicut

359 1388 475 1434 circa
493 1389 591 1433 fine
582 1405 620 1433 m
635 1388 840 1451 Epistola?
857 1388 908 1433 ad
931 1388 1149 1434 Romanos
1172 1390 1260 1434 ait:
1283 1409 1302 1429 e<
1318 1388 1428 1433 Dico
1451 1387 1565 1432 enim
1587 1386 1737 1432 Chris-

358 1482 377 1499 »
401 1470 491 1503 tum
518 1458 764 1504 ministrum
795 1458 924 1504 fuisse
949 1448 1292 1507 circumcisionis
1310 1466 1490 1522 propter
1511 1450 1734 1504 veritatem

358 1552 378 1571 »
398 1529 493 1581 Dei,
523 1529 575 1574 ad
592 1530 789 1574 confirm
781 1529 913 1574 indas
930 1530 1235 1592 promissiones
1253 1540 1444 1593 patrum.
1473 1529 1631 1574 Gentes
1654 1544 1736 1574 au-

358 1624 377 1642 »
405 1611 486 1646 tem
501 1617 630 1662 super
644 1600 939 1645 misericordia
953 1600 1195 1660 glorificare
1220 1603 1360 1646 Deum
1376 1600 1415 1647 ’3.
1446 1609 1466 1641 ›'>
1482 1598 1734 1645 Secundum

354 1671 480 1716 istum
506 1669 843 1714 misericordiam
859 1669 1026 1715 dictum
1045 1681 1106 1715 est
1135 1687 1145 1714 :
1175 1691 1194 1711 «
1212 1669 1582 1732 Inimicipropter
1596 1683 1735 1713 vost»

356 1739 475 1805 quod
502 1752 543 1785 ct
577 1757 708 1802 supra
736 1740 916 1795 dixerat,
952 1740 1127 1786 illorum
1151 1740 1311 1786 delicto
1336 1740 1449 1786 salus
1474 1739 1676 1799 gentibus
1693 1736 1727 1783 4.

426 1811 548 1857 XXI.
577 1810 687 1855 (lum
708 1821 848 1856 autem
869 1810 1039 1856 dixisset
1060 1829 1070 1855 ε
1089 1832 1108 1852 α
1128 1811 1377 1857 Secundum
1395 1809 1647 1871 electionem
1671 1808 1736 1857 di-

365 1903 384 1923 »
405 1881 503 1927 lecti
528 1891 707 1943 propter
726 1891 885 1943 patres,
908 1880 1090 1936 addidit,
1110 1882 1210 1927 Sine
1226 1880 1485 1944 poenitentia
1502 1879 1616 1924 enim
1636 1890 1736 1926 sunt

368 1977 385 1991 »
402 1951 515 1996 dona
539 1961 580 1995 et
607 1951 776 1995 vocatio
793 1950 871 1995 Dei
890 1950 922 1997 5.
947 1973 964 1991 ›>
988 1951 1115 1996 Vides
1132 1961 1246 1996 certe
1270 1950 1366 1995 illos
1385 1948 1638 2009 significari,
1660 1950 1736 2012 qui

359 2021 577 2086 pertinent
596 2020 648 2065 :zd
674 2037 902 2066 numerum
928 2020 1351 2084 praedestinatorum.
1387 2020 1452 2066 De
1468 2019 1631 2084 quibus
1653 2020 1736 2066 alio

358 2094 458 2139 loco
479 2091 602 2144 dicit,
629 2113 648 2131 ‹
671 2092 841 2136 smnus
861 2092 963 2154 quia
981 2091 1262 2151 diligentibus
1283 2092 1421 2137 Deum
1452 2090 1597 2136 omnia
1628 2107 1735 2137 coo-

361 2186 380 2205 »
406 2173 613 2227 perantur
638 2163 680 2207 in
707 2162 893 2215 bonum,
918 2162 987 2207 his
1003 2163 1079 2226 qui
1106 2161 1346 2208 secundum
1365 2160 1640 2225 piopositum
1662 2179 1736 2207 vo-

360 2256 379 2275 »
405 2233 489 2279 cati
521 2243 634 2277 suut
662 2231 787 2276 Multi
813 2232 925 2276 enim
955 2242 1054 2277 sunt
1077 2233 1237 2284 xroati
1264 2232 1396 2295 pauci
1425 2248 1522 2278 vero
1551 2230 1727 2279 eiecti-⁶.

358 2325 379 2346 ›>
405 2303 606 2361 Quivero
632 2301 770 2346 eiecti
797 2301 878 2364 ipsi
904 2302 1544 2365 suntsecundumpiopositum
1564 2301 1734 2357 106311;

355 2397 374 2417 ›>
401 2375 445 2420 in
466 2373 626 2437 quibus
644 2372 721 2417 Dei
739 2372 1042 2435 proculdubio
1061 2373 1335 2436 praescientia
1354 2372 1449 2418 falli
1468 2389 1557 2418 non
1576 2382 1731 2434 potest.

354 2467 374 2487 »
401 2446 490 2491 Ηο5
508 2443 729 2507 praescivit
751 2455 790 2488 et
806 2443 1133 2506 praedestinavit
1151 2444 1390 2490 conformes
1408 2443 1610 2502 imaginis
1634 2442 1736 2489 Filii

401 2539 907 2585 1154111551.’..--ΊΙίοῑι1.)1;.
931 2544 985 2575 253,
1007 2561 1045 2565 -
1061 2540 1137 2575 ³1d.
1157 2554 1210 2582 w,
1231 2544 1308 2574 8.-
1325 2541 1405 2575 ⁴1d.
1426 2552 1469 2580 xl,
1490 2553 1539 2575 11.
1562 2540 1630 2565 —5
1649 2517 1720 2574 Ibid

351 2612 404 2640 29⁷
424 2618 462 2622 —
478 2595 555 2628 61³1.
580 2605 650 2626 ww.
670 2598 722 2625 28.
