1799 3251
550 309 762 341 urlsrom
797 310 921 339 (mxx.
1349 295 1441 358 373

72 393 153 424 nus
185 378 301 424 Deus
316 387 475 433 noster,
504 375 557 422 de
581 392 668 439 quo
684 375 852 421 dictum
869 385 931 421 est
953 392 963 420 :
990 395 1010 417 c<
1031 374 1274 421 Dominum
1301 376 1444 422 Deum

72 471 94 491 »
120 459 245 495 tuum
269 447 494 503 adorabis,
523 458 564 493 et
586 446 649 492 illi
673 446 751 492 soli
773 446 953 500 servies3
976 468 997 488 »
1017 456 1058 492 et
1079 462 1207 510 quem
1226 446 1444 510 praedicat

73 519 332 584 Apostolu53
356 518 415 564 ait
437 518 551 563 enim
573 535 584 562 z
608 538 628 559 «
653 517 874 572 Quoniam
900 534 948 563 ex
976 517 1096 580 ipso,
1123 527 1163 562 et
1185 516 1231 562 in
1253 516 1348 580 ipso
1365 554 1376 574 ‚
1403 529 1445 565 et

74 611 95 633 ›>
113 607 192 654 per
208 590 352 654 ipsum
368 598 468 634 sunt
485 587 629 634 onmia
651 605 660 632 :
678 587 761 651 ipsi
782 587 917 647 gloria
933 588 977 633 in
991 587 1150 633 saecula
1163 587 1439 637 saeculorum.

72 680 94 702 »
114 659 298 707 Amen1.
328 679 348 700 >³

138 733 212 780 IV.
247 733 346 778 Non
378 731 492 778 enim
529 731 590 777 sic
622 748 670 776 ex
704 732 794 776 Deo
833 732 961 777 Patre
984 730 1241 791 Unigenitus
1278 731 1441 789 Filius,

73 802 446 867 quemadmodum
481 819 529 848 ex
563 801 638 847 illo
669 811 728 846 est
759 800 958 847 universa
991 811 1187 847 creatura
1206 838 1217 858 ‚
1244 818 1377 864 quam
1403 819 1451 848 ex

71 875 212 920 nihilo
249 874 425 920 creavit.
470 873 601 918 Hunc
632 873 798 936 quippe
834 872 887 918 de
912 889 988 918 sua
1011 872 1252 918 substantia
1275 872 1445 933 genuit,

72 962 162 992 non
176 962 222 991 ex
240 944 380 990 nihilo
396 943 496 989 fecit
516 960 526 988 ε
544 960 621 988 nec
635 960 733 988 eum
752 960 800 988 ex
817 953 1008 1006 tempore
1027 943 1200 1003 genuit,
1226 960 1305 1006 per
1321 960 1451 1007 quem

72 1026 232 1061 cuncta
252 1025 451 1078 tempora
476 1012 688 1060 condidit.
714 1013 933 1069 Quoniam
961 1013 1077 1060 sicut
1101 1014 1277 1060 flamma
1301 1015 1448 1078 splen—

71 1085 220 1132 dorem
248 1102 377 1149 quem
407 1084 570 1145 gignit,
608 1095 803 1147 tempore
836 1101 924 1130 non
958 1085 1195 1148 praecedit3
1223 1085 1282 1131 ita
1325 1090 1451 1131 Pater

72 1173 301 1220 nunquam
324 1155 413 1200 sine
451 1155 560 1200 Filio
590 1154 687 1201 fuit.
721 1155 820 1218 Ipse
843 1165 904 1200 est
934 1156 1100 1218 quippe
1126 1155 1347 1218 Sapientia
1372 1156 1453 1201 Dei

72 1227 233 1285 Patris,
267 1226 320 1273 de
352 1242 439 1290 qua
467 1226 680 1289 scriptum
708 1235 770 1271 est
794 1243 805 1270 ι
833 1246 853 1267 α
881 1225 1097 1289 Splendor
1120 1236 1182 1271 est
1206 1226 1320 1271 enim
1343 1225 1454 1271 lucis

73 1320 95 1341 >³
116 1309 290 1345 aeternae
304 1298 338 1344 2.
367 1319 387 1339 ³>
404 1298 515 1343 Luci
533 1315 631 1357 ergo
654 1300 779 1356 cujus
796 1297 962 1343 candor
981 1308 1044 1343 est
1059 1335 1070 1353 ,
1092 1297 1139 1342 id
1162 1307 1246 1355 est,
1266 1298 1355 1342 Deo
1370 1299 1454 1343 Pa-

73 1371 130 1416 tri
152 1370 241 1416 sine
258 1369 396 1415 dubio
422 1379 638 1414 coaeterna
661 1378 737 1414 est.
760 1369 816 1413 Et
830 1367 925 1414 ideo
942 1386 1029 1414 non
1048 1368 1159 1414 sicut
1173 1368 1218 1413 in
1232 1367 1455 1431 principio

73 1440 176 1487 fecit
199 1442 314 1486 Deus
342 1439 503 1485 coelum
536 1451 578 1485 et
598 1450 752 1484 terram
775 1475 786 1495 ,
823 1439 884 1484 ita
907 1439 953 1484 in
976 1439 1196 1502 principio
1222 1438 1324 1484 fecit
1343 1439 1454 1484 Ver-

74 1512 183 1558 bum
200 1549 212 1569 ,
237 1510 334 1569 sed,
361 1532 381 1552 α
408 1511 460 1555 In
495 1510 716 1574 principio
737 1520 828 1555 erat
852 1509 1060 1556 Verbum.
1088 1531 1109 1552 »
1135 1510 1322 1573 Spiritus
1342 1526 1459 1573 quo-

73 1599 159 1647 que
184 1592 357 1628 sanetus
380 1598 468 1627 non
492 1581 606 1627 sicut
629 1590 827 1626 creatura
850 1597 896 1625 ex
916 1581 1057 1626 nihilo
1087 1591 1149 1626 est
1168 1579 1309 1626 factus
1337 1598 1348 1625 ι
1378 1579 1455 1626 sed

74 1656 173 1699 sica
197 1654 327 1698 Patre
353 1652 551 1715 Filioque
570 1651 796 1716 procedit,
832 1661 880 1696 ut
903 1668 983 1697 nee
1000 1669 1023 1697 a
1049 1650 1157 1696 Filio
1181 1668 1261 1696 nec
1284 1668 1305 1696 a
1325 1652 1453 1696 Patre

75 1723 128 1769 sit
151 1723 304 1770 factuS.

140 1796 192 1844 V.
230 1797 338 1842 Haec
363 1796 551 1842 Trinitas
586 1796 713 1841 unius
737 1807 799 1841 est
830 1795 1109 1858 ejusdemque
1134 1806 1303 1841 naturae
1328 1806 1456 1859 atque

76 1867 358 1920 substantiae3
389 1884 478 1912 non
512 1866 657 1912 minor
680 1867 726 1912 in
755 1866 950 1925 singulis,
979 1883 1113 1929 quam
1138 1866 1184 1911 in
1217 1865 1423 1911 omnibus
1441 1903 1452 1921 ‚

77 1954 159 1984 nec
190 1938 330 1999 major
352 1937 398 1982 in
423 1936 629 1982 omnibus
648 1974 658 1990 ‚
695 1953 828 2000 quam
860 1938 906 1982 in
929 1936 1136 1996 singulis3
1162 1936 1236 1982 sed
1268 1946 1387 1982 tanta
1412 1936 1458 1981 in

79 2008 169 2055 solo
203 2008 357 2061 Patre,
389 2007 456 2055 vel
483 2008 529 2052 in
558 2007 648 2052 solo
682 2007 789 2052 Filio
808 2044 817 2062 ‚
846 2018 1005 2070 quanta
1032 2007 1077 2052 in
1101 2008 1229 2052 Patre
1260 2006 1388 2052 simul
1414 2016 1456 2052 et

80 2079 217 2132 lsilio3
249 2090 290 2125 et
326 2090 448 2124 tanta
486 2079 532 2124 in
567 2077 658 2123 solo
682 2078 851 2140 Spiritu
874 2089 1023 2124 sancto
1042 2115 1052 2132 ‚
1078 2088 1241 2141 quanta
1262 2077 1392 2123 simul
1409 2077 1456 2122 in

78 2154 205 2196 Patre
230 2161 272 2196 et
292 2150 402 2196 Filio
425 2160 467 2195 et
502 2149 671 2212 Spiritu
705 2160 867 2196 sancto.
908 2151 1058 2212 Neque
1094 2149 1209 2195 enim
1233 2152 1378 2205 Pater,
1407 2158 1456 2194 ut

81 2222 263 2267 haberet
282 2221 441 2266 Filium
463 2219 516 2266 de
539 2238 580 2265 se
611 2220 707 2284 ipso
727 2257 737 2276 ,
763 2221 920 2266 minuit
949 2237 990 2265 se
1011 2221 1184 2283 ipsum3
1206 2219 1279 2265 sed
1302 2220 1361 2265 ita
1384 2236 1455 2279 ge-

80 2294 177 2338 nuit
203 2291 256 2337 de
279 2308 321 2337 se
344 2291 527 2337 alterum
552 2308 594 2337 se
614 2328 624 2345 ,
652 2303 699 2337 ut
720 2303 832 2337 totus
850 2302 1042 2337 maneret
1059 2292 1105 2337 in
1127 2308 1191 2347 se,
1215 2301 1257 2336 et
1282 2301 1385 2336 esset
1407 2291 1454 2337 in

86 2363 191 2409 Filio
218 2373 364 2408 tantus
386 2373 574 2426 quantus
598 2372 638 2407 et
659 2363 790 2409 solus.
819 2362 1024 2409 Similiter
1048 2372 1089 2407 et
1113 2361 1303 2425 Spiritus
1327 2378 1456 2407 sanc-

84 2445 151 2479 tus
171 2434 334 2493 integer
358 2432 411 2478 de
435 2434 600 2493 integro
618 2470 629 2489 ‚
656 2451 744 2479 non
763 2433 975 2497 praecedit
992 2431 1107 2478 unde
1129 2431 1357 2495 procedit,
1383 2431 1457 2476 sed

84 2514 227 2550 tantus
254 2520 355 2549 cum
379 2503 454 2548 illo
475 2514 665 2567 quantus
684 2522 730 2550 ex
748 2505 850 2561 illo,
877 2521 956 2550 nec
989 2503 1148 2548 minuit
1175 2519 1271 2548 eum
1298 2518 1458 2565 proce-

84 2574 228 2621 dendo
246 2611 257 2631 ‚
283 2591 362 2620 nec
393 2584 516 2634 auget
539 2574 763 2622 haerendo.
800 2576 853 2620 Et
886 2574 984 2620 haec
1011 2573 1155 2620 omnia
1177 2588 1258 2618 nec
1278 2570 1458 2617 confuse

134 2660 145 2681 ¹
165 2660 260 2693 Rom.
278 2668 328 2700 xr,
349 2657 404 2688 36.
417 2674 462 2680 -
477 2655 492 2678 ²
509 2659 581 2700 Sap.
599 2667 656 2701 vn,
679 2659 732 2689 26.
