1799 3251
330 265 421 327 278
749 279 784 308 s.
829 277 1074 308 sconsum
1109 277 1314 309 EPlsCOPI

328 361 424 392 mus
443 361 570 408 super
590 344 840 407 sepulerum
855 343 991 407 ipsius
1008 380 1019 399 ,
1044 352 1085 389 et
1104 342 1415 406 redemptionis
1435 354 1703 391 sacramenta

330 415 455 461 'tertio
473 415 542 460 die
564 414 818 460 obtulimus
844 435 865 455 >2

396 487 479 532 ΙΙΙ.
510 507 531 526 α
550 485 633 531 Sed
658 501 756 530 ecee
779 495 878 547 post
909 482 1094 528 biduum
1121 482 1321 545 quiedam
1362 481 1495 528 vidua
1523 482 1705 531 honesta

331 556 494 603 Urbica
521 555 573 600 de
602 555 855 614 Figentibus
873 591 882 609 ‚
917 571 1017 618 quae
1042 553 1274 598 duodecim
1307 569 1350 598 se
1370 569 1506 598 annos
1529 553 1707 610 viduam

327 626 521 682 dicebat,
544 625 698 671 ancilla
713 626 811 677 Dei,
838 625 1054 670 somnium
1074 623 1190 668 vidit
1212 623 1308 669 tale.
1333 622 1462 668 Vidit
1475 624 1708 686 quemdam

327 696 561 743 diaconum
590 707 686 742 ante
703 696 1038 760 quadriennium
1064 712 1247 758 corpore
1268 704 1441 740 exutum
1462 731 1473 750 ‚
1494 711 1595 740 cum
1620 712 1709 741 ser-

329 767 442 814 viset
456 767 623 813 ancillis
642 767 721 813 Dei
737 767 982 827 virginibus
995 776 1035 811 et
1051 765 1194 812 viduis
1212 765 1422 827 palatium
1439 782 1702 828 praeparare.

333 837 589 885 Ornabatur
612 848 754 883 autem
774 874 784 893 ,
814 847 862 882 ut
879 836 1050 882 claritas
1068 835 1154 880 loci
1173 835 1358 880 fulsisset
1377 872 1388 891 ,
1411 846 1452 880 et
1475 835 1597 881 locus
1617 852 1710 881 om·

329 908 396 954 nis
415 919 636 968 argenteus
659 917 900 972 putaretur.
926 906 1039 951 Cum
1062 905 1134 950 illa
1160 905 1396 951 studiosius
1415 905 1712 965 interrogasset

331 979 504 1024 cuinam
552 979 640 1025 hoc
681 978 1035 1042 praepararetur?
1076 976 1321 1039 Respondit
1371 975 1442 1021 ille
1475 975 1710 1031 diaconus,

333 1047 477 1094 Puero
511 1049 586 1112 qui
625 1048 826 1093 hesterno
867 1057 1156 1109 consumptus
1198 1057 1258 1091 est
1278 1083 1289 1101 ‚
1336 1046 1427 1091 filio
1466 1046 1714 1109 presbyteri

335 1117 593 1181 praeparari.
623 1118 677 1162 Et
702 1117 747 1162 in
767 1117 918 1162 eodem
943 1116 1104 1179 palatio
1130 1116 1364 1178 quemdam
1394 1132 1535 1161 senem
1558 1115 1715 1162 eandi-

338 1187 492 1234 datum
516 1188 783 1251 apparuisse,
809 1187 1071 1249 quiJ'uberet
1090 1186 1266 1231 duobus
1284 1185 1528 1231 candidatis
1549 1196 1594 1231 ut
1617 1203 1716 1249 per-

340 1268 513 1317 gerent,
537 1269 578 1303 et
599 1275 760 1321 corpus
784 1257 980 1303 ablatum
1005 1257 1058 1302 de
1084 1256 1284 1320 sepulcro
1318 1256 1372 1302 ad
1402 1255 1565 1302 coelum
1595 1257 1716 1303 leva-

338 1340 448 1376 rent.
502 1330 702 1393 Cumque
722 1366 732 1384 ,
790 1330 933 1392 inquit
957 1365 967 1384 ,
1020 1328 1073 1374 de
1119 1327 1322 1391 sepulcro
1370 1344 1530 1391 corpus
1568 1326 1718 1374 fuisset

342 1411 614 1463 assumptum
645 1410 773 1463 atque
810 1400 855 1445 in
889 1399 1053 1445 coelum
1095 1399 1315 1455 levatum,
1350 1415 1491 1444 ramos
1522 1415 1717 1444 rosarum

344 1471 562 1530 virginum
592 1471 608 1533 (
622 1470 683 1516 sic
712 1470 826 1515 enim
851 1469 1009 1515 cluusae
1043 1469 1256 1533 appellari
1291 1467 1458 1527 solent)
1492 1468 1544 1513 de
1566 1468 1717 1514 eodem

345 1540 545 1604 sepulcro
574 1540 813 1586 surrexisse.
834 1560 855 1581 η

414 1611 486 1658 lV.
535 1633 553 1652 a<
576 1611 759 1657 Narravi
778 1610 885 1673 quid
908 1609 1037 1655 fuerit
1057 1620 1236 1669 gestum.
1278 1608 1410 1654 Modo
1434 1609 1719 1672 quaestionem

347 1681 495 1728 audire
514 1681 691 1742 dignare
710 1718 719 1737 ‚
743 1692 785 1727 et
808 1681 916 1727 doce
938 1681 1058 1744 quod
1075 1697 1240 1744 quaerO.
1279 1680 1406 1739 Cogit
1433 1680 1548 1725 enim
1571 1696 1638 1725 me
1658 1679 1719 1725 is·-

348 1754 432 1799 tius
455 1753 611 1799 animae
633 1753 834 1812 migratio
867 1752 967 1797 talia
992 1752 1287 1815 percunctari.
1325 1753 1436 1798 Cum
1463 1750 1507 1795 in
1536 1767 1721 1813 corpore

348 1841 519 1878 sumus,
543 1834 604 1869 est
629 1824 756 1869 nobis
789 1840 935 1869 sensus
955 1823 1132 1868 interior
1166 1821 1276 1867 soler
1298 1838 1380 1884 pro
1413 1820 1600 1880 agilitate
1625 1831 1722 1866 stu-

348 1895 411 1940 dii
430 1895 563 1940 nostri
583 1930 593 1948 ,
615 1904 657 1939 et
683 1904 802 1939 tanto
825 1893 1075 1953 vigilantior
1098 1904 1139 1938 et
1157 1892 1390 1937 ferventior
1408 1928 1418 1946 ‚
1439 1901 1602 1954 quanto
1624 1891 1723 1937 fue-

349 1966 484 2011 rimus
506 1963 782 2010 studiosiores
797 1999 807 2018 ,
841 1974 883 2008 et
903 1963 1050 2008 adhuc
1071 1962 1416 2025 impendimento
1440 1961 1635 2023 corporis
1653 1978 1724 2006 re-

352 2035 511 2081 tardari
530 2052 608 2080 nos
621 2034 891 2080 videturesse
904 2034 1273 2097 probabile.Quis
1284 2042 1424 2077 autem
1443 2032 1606 2086 omnia,
1625 2048 1724 2095 quae

351 2106 520 2152 animus
544 2122 593 2150 ex
624 2121 807 2167 corpore
842 2105 1031 2167 patitur,
1064 2103 1226 2167 poterit
1264 2104 1487 2148 enarrare?
1513 2102 1624 2147 inter
1647 2103 1726 2147 lias

350 2177 502 2222 turbas
524 2187 565 2221 et
590 2175 803 2221 molestias
822 2211 831 2230 ‚
854 2192 900 2220 ex
923 2174 1266 2234 suggestionibus
1284 2210 1293 2228 ,
1320 2190 1365 2217 ex
1388 2173 1725 2229 tentationibus,

350 2264 400 2294 ex
434 2246 758 2293 necessitatibus
781 2283 791 2302 2
827 2245 1089 2308 diversisque
1128 2244 1451 2290 calamitatibus
1482 2244 1722 2298 venientes,

348 2316 653 2365 fortitudinem
688 2333 808 2362 suam
835 2334 921 2362 non
944 2315 1099 2362 deserit
1120 2315 1319 2368 animus;
1343 2313 1529 2363 resistit;
1555 2313 1692 2360 vincit
1712 2333 1724 2367 ;

351 2388 586 2452 aliquando
605 2388 810 2434 vincitur.
827 2388 990 2433 Tamen
1011 2387 1220 2450 quoniam
1240 2385 1437 2431 meminit
1460 2385 1525 2430 sui
1544 2421 1555 2440 ‚
1577 2383 1728 2444 agilior

349 2470 392 2505 et
409 2458 634 2504 sollicitior
655 2459 840 2505 efficitur
859 2458 1067 2505 excitatus
1086 2458 1215 2504 tantis
1235 2456 1464 2503 laboribus
1480 2492 1490 2512 ‚
1507 2465 1547 2501 et
1562 2455 1730 2518 rumpit

350 2546 547 2594 quosque
559 2529 698 2576 nodos
714 2530 909 2586 malitiae‚
924 2539 967 2575 et
985 2530 1134 2576 transit
1152 2528 1207 2575 ad
1224 2528 1401 2573 meliora
1422 2544 1431 2572 :
1453 2526 1561 2590 quid
1583 2526 1727 2572 dicam

353 2599 559 2662 dignatur
582 2599 816 2660 intelligere
842 2599 1044 2648 sanctitas
1076 2611 1165 2648 tua.
1198 2600 1311 2659 Ergo
1335 2614 1436 2644 cum
1462 2597 1506 2644 in
1530 2597 1615 2644 hac
1640 2595 1727 2642 vita
