1799 3251
330 319 422 374 450
754 331 786 360 ε.
832 330 1073 361 AUGUSTINI
1111 331 1315 361 EPISCOPt

333 413 505 443 coenam
538 412 658 442 suam
688 395 808 459 prius
835 394 995 441 adduci
1013 397 1142 455 jubet
1165 397 1394 453 convivas,
1416 408 1562 461 postea
1588 398 1699 456 cogi.

333 468 442 512 Nam
469 484 568 512 cum
591 467 627 511 ei
649 465 758 511 servi
783 465 847 510 sui
867 466 1211 529 respondissent,
1245 489 1264 508 α
1291 468 1475 513 Domine
1498 505 1508 523 ‚
1542 468 1707 513 factum

335 559 355 579 >)
374 548 436 582 est
457 536 578 600 quod
596 536 758 596 jussisti
782 573 792 592 ,
825 547 868 581 et
906 536 1054 583 adhue
1086 548 1147 582 est
1177 537 1314 584 locus.
1352 538 1497 591 Exite,
1532 538 1704 601 inquit,

335 628 356 649 »
377 607 423 653 in
448 607 537 652 vias
561 616 601 651 et
625 623 760 669 εθΡθε,
791 616 830 652 et
859 623 1158 670 quoscumque
1179 608 1425 653 inveneritis
1443 646 1453 658 ,
1478 609 1615 668 cogite
1639 608 1710 653 in-

336 699 356 718 »
384 676 539 723 trare1.
559 697 579 718 ›>
597 678 649 723 In
673 676 757 722 illis
782 695 906 737 ergo,
931 676 1007 741 qui
1031 677 1184 723 leniter
1206 679 1348 741 primo
1377 678 1555 724 adducti
1583 689 1707 734 sunt,

338 747 556 811 completa
582 759 643 793 est
669 748 787 810 prior
822 748 1066 794 obedientia
1091 767 1101 794 ε
1129 751 1172 795 in
1206 750 1295 794 istis
1326 760 1493 806 autem,
1525 750 1603 812 qui
1632 765 1713 795 co-

340 829 519 877 guntur,
546 818 836 863 inobedientia
865 825 1106 866 coercetur.
1142 820 1253 864 Nam
1282 819 1389 882 quid
1409 830 1487 875 est,
1516 840 1533 859 «
1560 818 1712 878 Cogite

344 888 540 933 »intrare
559 908 570 941 3
590 909 608 929 ³>
634 905 733 933 cum
770 888 913 951 primo
951 888 1118 934 dictum
1140 899 1246 934 esset
1266 926 1275 944 ‚
1314 909 1333 929 α
1355 888 1573 934 Adducite
1593 921 1602 938 ,
1626 908 1646 928 >³
1671 898 1712 933 et

339 974 593 1020 responsum
618 968 723 1002 esset
745 995 754 1013 ,
782 980 800 997 «
822 960 1000 1003 Factum
1025 970 1089 1003 est
1123 958 1241 1022 quod
1261 959 1425 1018 jussisti
1450 997 1457 1011 ,
1490 969 1532 1003 et
1568 957 1716 1004 adhuc

339 1049 360 1069 »
379 1040 439 1073 est
465 1028 621 1074 locus?
660 1050 678 1069 ›>
701 1029 745 1073 Si
783 1029 1094 1074 miraculorum
1123 1030 1364 1075 terroribus
1394 1029 1611 1089 cogendos
1633 1045 1717 1074 vo-

336 1097 483 1142 luisset
515 1098 721 1157 intelligi,
762 1099 896 1158 magis
931 1098 985 1143 ad
1016 1116 1085 1144 eos
1105 1136 1115 1154 ‚
1149 1099 1224 1163 qui
1255 1100 1377 1162 prius
1411 1099 1554 1144 vocati
1580 1109 1679 1144 sunt
1703 1135 1713 1154 ‚

335 1167 483 1212 divina
510 1167 716 1213 miracula
743 1168 876 1213 multa
897 1167 1010 1214 facta
1040 1180 1167 1224 sunt,
1191 1170 1374 1214 maxime
1396 1169 1448 1214 ad
1469 1168 1644 1214 Judaeos
1666 1168 1720 1213 do

340 1238 502 1300 quihus
538 1237 705 1283 dictum
747 1248 838 1294 est,
880 1259 898 1277 c<
921 1238 1066 1283 Judaei
1107 1239 1225 1297 signa
1268 1249 1436 1301 petunt.
1483 1260 1500 1279 >³
1527 1240 1577 1283 ln
1618 1238 1722 1300 ipsis

345 1325 519 1371 quoque
544 1308 778 1368 gentilibus
803 1308 903 1353 talia
942 1309 1220 1372 temporibus
1251 1309 1555 1372 Apostolorum
1588 1310 1722 1354 mira-

347 1379 444 1423 cula
482 1378 764 1438 Evangelium
795 1379 1245 1435 commendaverunt,
1280 1390 1328 1424 ut
1359 1380 1392 1424 si
1430 1379 1590 1424 talibus
1627 1378 1724 1437 cogi

345 1448 605 1508 juberentur
621 1486 630 1503 ,
661 1449 826 1511 priores
845 1486 854 1503 ‚
882 1460 929 1494 ut
951 1449 1036 1495 dixi
1055 1487 1065 1505 ‚
1087 1451 1233 1512 potius
1257 1450 1453 1495 convivae
1479 1449 1618 1494 coacti
1639 1465 1725 1494 esse

349 1519 500 1564 merito
533 1519 858 1565 crederentur‘2.
888 1520 1171 1583 Quapropter
1202 1520 1234 1565 si
1258 1530 1465 1583 potestate
1489 1536 1620 1582 quam
1649 1535 1725 1581 per

351 1590 600 1648 religionem
622 1606 670 1634 ac
691 1589 821 1634 fidem
845 1606 1012 1648 regum,
1040 1600 1233 1652 tempore
1252 1607 1339 1652 quo
1364 1589 1517 1635 debuit
1539 1626 1548 1644 ‚
1577 1588 1726 1633 divino

352 1677 528 1704 munere
555 1660 724 1722 accepit
751 1659 961 1713 Ecclesia,
984 1659 1031 1705 hi
1055 1661 1130 1722 qui
1156 1661 1438 1705 inveniuntur
1462 1660 1505 1704 in
1528 1659 1607 1704 viis
1624 1668 1665 1704 et
1681 1658 1726 1704 in

351 1731 555 1792 sepibus,
577 1729 621 1775 id
648 1740 710 1775 est
734 1767 743 1785 ‚
771 1730 815 1775 in
837 1731 1078 1776 haeresibus
1104 1742 1145 1776 et
1171 1731 1481 1776 schismatibus
1512 1740 1728 1789 coguntur

350 1801 510 1845 intrare
529 1837 538 1855 ‚
576 1817 663 1845 non
687 1801 789 1864 quia
817 1812 1034 1860 coguntur
1062 1800 1384 1864 reprehendant
1401 1839 1411 1852 ,
1437 1799 1507 1846 sed
1531 1816 1618 1863 quo
1649 1816 1728 1844 co-

351 1882 532 1930 gantur,
565 1871 803 1917 attendant.
842 1872 1102 1917 Convivium
1141 1871 1342 1926 Domini,
1372 1871 1513 1916 unitas
1541 1881 1603 1915 est
1629 1887 1730 1915 cor-

354 1942 471 2004 poris
497 1941 663 1986 Christi
679 1978 690 1997 ,
718 1959 804 1987 non
830 1942 968 1987 solum
983 1943 1024 1987 in
1045 1953 1312 1988 sacramento
1329 1942 1487 1987 altaris
1508 1940 1578 1986 scd
1601 1939 1729 1985 etiam

353 2013 397 2058 in
435 2012 610 2058 vinculo
636 2013 770 2074 pacis.
806 2014 869 2060 De
905 2013 1009 2075 ipsis
1039 2030 1138 2058 sane
1165 2030 1395 2076 possumus
1419 2012 1634 2057 verissime.
1659 2009 1731 2055 di-

352 2100 474 2135 cere,
513 2082 633 2145 quod
671 2083 881 2127 neminem
921 2093 1079 2142 cogant
1115 2083 1169 2128 ad
1205 2083 1386 2128 honum.
1419 2082 1732 2143 Quoscumque

352 2153 467 2197 enim
489 2163 650 2212 cogunt
671 2189 680 2205 ,
706 2170 793 2197 non
816 2163 978 2212 cogunt
1002 2153 1081 2197 nisi
1107 2153 1161 2198 ad
1182 2152 1359 2198 malum.

417 2222 552 2268 XXV.
582 2223 889 2267 Verumtamen
919 2233 1015 2267 ante
1039 2238 1168 2285 quam
1206 2223 1451 2282 ista‘leges‚
1481 2221 1644 2284 qtnbus
1671 2221 1727 2266 ad

357 2292 605 2338 convivium
626 2303 824 2338 sanctum
852 2304 1068 2352 coguntur
1087 2294 1246 2339 intrare
1264 2330 1273 2347 ,
1302 2293 1344 2338 in
1369 2292 1558 2338 Africam
1588 2292 1734 2337 mitte-

356 2373 503 2408 rentur
527 2399 535 2415 ,
577 2362 797 2408 nonnullis
826 2362 1037 2408 fratribus
1061 2363 1291 2409 videbatur
1307 2400 1316 2418 ‚
1346 2363 1389 2408 in
1416 2362 1579 2425 quibus
1601 2372 1640 2407 et
1658 2378 1735 2421 ego

355 2450 467 2478 eram
490 2470 499 2488 ,
526 2433 724 2496 quamvis
752 2433 1075 2479 Donatistarum
1107 2434 1248 2478 rabies
1273 2449 1582 2497 usquequaque
1604 2432 1736 2478 saevi-

354 2513 418 2548 ret
437 2540 446 2557 ‚
474 2519 563 2547 non
583 2519 668 2548 esse
687 2503 923 2566 petendum
953 2504 1008 2548 ab
1032 2504 1393 2567 Imperatoribus‚
1421 2513 1467 2548 ut
1485 2503 1623 2565 ipsam
1642 2501 1734 2546 hae-

360 2574 485 2620 resim
516 2573 720 2633 juberent
751 2576 929 2620 omnino
953 2591 1040 2620 non
1065 2591 1177 2632 esse,
1216 2590 1394 2638 poenam
1430 2570 1736 2619 constituendo

405 2660 413 2682 ¹
439 2660 518 2690 Luc.
542 2655 770 2698 x1v‚23.-2
789 2668 798 2687 1
816 2658 888 2689 Cor.
907 2668 934 2697 1,
955 2668 1008 2689 22.
