1799 3251
28 2592 48 2603 s

588 285 797 315 EPISTOLA
833 285 955 316 CLIII.
1363 288 1454 335 217

82 347 257 397 dicitur.
288 349 594 395 Verumtamen
628 348 840 394 Dominus
863 349 986 395 Jesus
1009 350 1099 396 sine
1118 349 1207 395 ulla
1231 350 1454 411 ambigui-1

81 429 169 465 tate
192 420 327 465 malos
348 419 583 483 appellavit
604 418 773 465 eosdem
804 420 945 482 ipsos,
971 436 1163 483 quorum
1186 430 1355 482 patrem
1380 421 1454 466 di-

81 490 209 535 cebat
233 492 386 536 Deum.
425 494 538 537 Nam
574 491 619 535 in
644 489 794 535 eodem
830 507 1025 537 sermone
1043 528 1054 547 ,
1081 491 1160 536 ubi
1182 490 1301 536 illam
1324 490 1456 538 docet

80 560 316 606 orationem
336 598 345 615 ,
373 559 455 605 alio
468 560 564 606 loco
583 560 813 605 exhortans
831 560 886 606 ad
906 560 1176 624 precandum
1195 561 1352 617 Deum,
1373 561 1450 618 ait,

79 650 100 669 «
119 630 257 675 Petite
297 641 337 674 et
361 631 584 693 accipietis
605 668 616 686 ,
648 631 830 692 quaerite
857 642 899 676 et
937 631 1188 687 invenietis,
1219 631 1389 693 pulsate
1412 643 1456 677 et

79 719 101 740 2>
125 700 344 762 aperietur
360 700 499 746 vobis.
530 700 683 745 Omnis
713 702 827 745 enim
851 700 926 763 qui
948 700 1060 763 petit
1087 700 1275 764 accipit,
1306 712 1348 746 et
1376 702 1455 765 qui

79 788 99 809 ›>
116 769 276 831 quaerit
299 769 464 814 invenit
483 806 492 817 .
515 781 556 815 et
578 770 770 832 pulsanti
795 770 1014 833 aperietur
1031 769 1094 817 ¹.»
1112 771 1168 815 Et
1182 771 1314 834 paulo
1332 782 1450 834 post,

77 858 98 879 α
121 839 165 883 Si
191 856 290 898 ergo
317 856 391 885 vos
411 877 420 895 ,
446 839 589 903 inquit
611 877 621 895 ‚
650 857 750 886 cum
773 841 862 886 sitis
890 841 993 886 mali
1015 877 1025 896 ‚
1058 841 1192 886 nostis
1215 841 1330 887 bona
1353 840 1455 887 data

78 929 99 950 »
118 907 219 954 dare
249 909 349 954 filiis
372 911 550 967 vestris,
584 921 751 974 quanto
784 912 918 970 magis
949 922 1073 974 pater
1095 922 1259 967 vester,
1294 912 1370 976 qui
1408 913 1456 959 in

79 999 102 1020 2>
122 979 244 1024 coelis
263 991 324 1024 est
343 979 464 1025 dabit
485 981 601 1026 bona
621 981 873 1043 petentibus
897 982 998 1027 se2?
1021 1003 1042 1023 >³
1064 982 1163 1027 Non
1186 982 1318 1042 igitur
1339 984 1455 1028 Deus

74 1060 199 1113 pater
222 1050 434 1096 malorum
455 1054 546 1098 est?
577 1052 717 1099 Absit.
744 1052 978 1109 Quomodo
1005 1070 1106 1112 ergo
1131 1052 1354 1110 dicitur,«
1373 1055 1454 1099 Pa-

75 1139 96 1161 »
116 1131 180 1166 ter
199 1132 338 1167 vester
361 1122 565 1179 coelestis,
582 1123 775 1186 »quibus
799 1123 979 1180 dicitur,
1002 1144 1019 1164 (ι
1042 1126 1152 1169 Cum
1175 1123 1265 1169 sitis
1286 1124 1387 1170 mali
1407 1142 1456 1169 t»

73 1190 154 1236 nisi
177 1191 279 1254 quia
310 1202 545 1255 utrumque
582 1193 747 1238 Veritas
785 1204 1029 1249 monstrat,
1060 1193 1168 1257 quid
1202 1194 1336 1239 simus
1373 1195 1453 1240 Dei

76 1260 196 1305 bono
217 1298 226 1315 ‚
268 1261 374 1324 quid
418 1262 615 1308 humano
657 1263 792 1317 viti03
836 1263 922 1308 hoc
959 1262 1271 1309 commendans
1293 1300 1304 1318 ‚
1344 1263 1454 1310 illud

73 1331 337 1378 emendans?
362 1333 516 1378 Merito
543 1334 603 1379 ait
631 1333 793 1379 Seneca
814 1334 907 1397 (qui
934 1334 1206 1396 temporibus
1231 1335 1451 1397 apostolo-

72 1418 170 1447 rum
200 1401 307 1457 fuit,
336 1407 460 1462 cujus
487 1404 615 1449 etiam
649 1404 855 1467 quaedam
881 1404 936 1449 ad
971 1404 1161 1450 Paulum
1189 1405 1448 1467 Apostolum

71 1471 276 1532 leguntur
301 1473 528 1536 Epistolae‚
550 1474 566 1537 )
589 1496 608 1515 «
632 1475 795 1521 Omnes
823 1474 916 1520 odit
938 1475 1013 1539 qui
1040 1474 1176 1520 malos
1205 1475 1312 1522 odit.
1341 1496 1360 1517 »
1392 1478 1448 1521 Et

73 1552 215 1587 tamen
238 1542 336 1588 ideo
356 1543 563 1604 diligendi
588 1555 689 1590 sunt
710 1544 830 1601 mali,
855 1556 903 1590 ut
925 1563 1010 1590 non
1027 1556 1128 1590 sunt
1147 1545 1275 1590 mali:
1300 1562 1455 1609 quem·

71 1612 308 1659 admodum
342 1631 429 1660 non
457 1626 504 1661 ut
526 1626 835 1679 permaneant,
860 1616 932 1662 sed
954 1626 1001 1662 ut
1024 1627 1230 1662 sanentur
1251 1616 1447 1677 diligun-

74 1694 147 1730 tur
165 1686 330 1745 aegroti.

135 1756 229 1802 XV.
246 1755 477 1820 Quidquid
499 1769 639 1804 autem
660 1768 802 1821 potest
823 1775 914 1804 eam
928 1795 939 1813 ,
960 1775 1059 1821 quae
1078 1758 1126 1803 fit
1146 1758 1190 1803 in
1209 1759 1446 1823 baptismo,

71 1825 351 1871 abolitionem
388 1839 698 1890 peccatorum,
736 1829 780 1872 in
809 1828 894 1874 hac
921 1829 1006 1873 vita
1033 1828 1249 1874 manendo
1287 1846 1450 1892 pecca-

70 1913 165 1941 mus
180 1933 190 1951 ,
212 1897 376 1942 etiamsi
406 1915 493 1943 non
517 1898 601 1944 tale
618 1898 696 1953 sit,
724 1897 846 1961 quod
867 1916 888 1944 a
911 1898 1070 1944 divinis
1095 1900 1305 1944 removeri
1327 1916 1450 1944 com-

69 1966 203 2031 pellat
222 1966 450 2024 altaribus,
477 1985 566 2014 non
592 1968 741 2015 dolore
765 1969 917 2026 sterili,
940 1968 1013 2015 sed
1040 1969 1351 2015 misericordiae
1377 1987 1449 2015 sa-

69 2037 246 2084 crificiis
269 2039 480 2102 expiatur.
507 2040 640 2097 Quod
661 2057 762 2100 ergo
791 2041 961 2100 agimus
983 2052 1032 2086 ut
1058 2039 1229 2086 faciatis
1261 2041 1450 2087 interce-

69 2108 274 2154 dentibus
314 2110 466 2166 nobis,
509 2114 603 2156 Deo
638 2128 716 2157 nos
758 2112 962 2157 noveritis
1002 2112 1154 2157 offerre
1192 2129 1275 2175 pro
1304 2112 1443 2159 vobis.

69 2179 277 2239 Indigetis
299 2180 413 2225 enim
444 2181 742 2228 misericordia
761 2219 772 2238 ,
799 2199 929 2245 quam
956 2183 1167 2246 praebetis
1196 2200 1206 2228 ε
1243 2193 1285 2228 et
1310 2182 1450 2228 videte

69 2250 165 2312 quis
186 2250 356 2305 dixerit„
374 2271 393 2291 «
415 2251 693 2326 Dimittitetet:
712 2253 958 2299 dimittetur
982 2253 1124 2309 vobis,
1140 2252 1239 2298 date
1258 2264 1299 2298 et
1325 2252 1449 2299 dabi-

70 2342 90 2361 ›>
113 2331 183 2365 tur
207 2320 328 2365 vobis
345 2320 375 2367 3.
402 2343 422 2363 »
447 2322 716 2386 Quanquam
736 2325 902 2370 etiamsi
921 2325 979 2370 ita
994 2324 1253 2379 viveremus,
1283 2335 1331 2370 ut
1357 2342 1445 2370 non

68 2400 174 2434 esset
199 2406 333 2452 quare
362 2389 607 2438 diceremus
631 2431 642 2449 ‚
670 2415 688 2434 «
710 2394 893 2440 Dimitte
907 2393 1033 2439 nobis
1057 2392 1207 2438 debita
1225 2404 1371 2439 nostra
1391 2414 1402 2448 ;
1425 2416 1445 2435 »

68 2469 233 2521 quanto
258 2477 279 2504 a
311 2461 502 2523 nequitia
526 2463 678 2525 purior
708 2465 878 2509 animus
903 2475 1008 2509 esset
1029 2501 1040 2520 ,
1075 2474 1197 2509 tanto
1219 2463 1447 2510 clementia

69 2528 240 2591 plenior
255 2547 341 2575 esse
361 2529 561 2589 deberet,
590 2543 637 2579 ut
653 2535 685 2579 si
708 2552 796 2580 non
817 2550 1212 2597 compungeremur
1236 2536 1446 2583 sententia

119 2614 268 2649 ¹Matth,
288 2626 346 2656 511,
365 2615 478 2654 7.—²
500 2617 582 2651 lbtd.
609 2630 719 2653 11.-—-
734 2617 811 2653 31d.
832 2631 873 2650 u.
901 2631 949 2650 ι’).
