1799 3251
341 277 430 323 270
745 272 780 299 s.
823 269 1061 300 Auccs'rixi
1101 269 1303 299 EPtSCOI'l

340 341 591 394 Christum,
614 335 911 400 apprehendet
926 335 1070 399 potius
1095 334 1247 379 turrim
1268 334 1534 383 fortitudinis
1555 353 1578 381 a
1601 335 1710 383 facie

338 411 505 460 inimici
524 428 534 455 ε
558 409 661 473 quia
675 424 773 453 cum
790 424 882 452 eam
902 407 945 451 in
967 423 1042 452 sua
1059 405 1296 452 aedificaret
1309 406 1416 464 fide,
1436 408 1708 472 computavit

340 493 540 545 sumptus
561 479 722 542 quibus
742 477 895 540 perfici
916 487 1084 540 posset,
1111 476 1157 521 id
1177 486 1263 533 est,
1287 493 1336 522 eo
1367 478 1509 523 animo
1533 478 1708 525 accessit

341 554 394 600 ad
416 553 543 599 fidem
565 588 575 607 ,
596 561 641 596 ut
660 549 766 596 huic
790 548 948 594 saeculo
971 565 1059 594 non
1080 548 1220 593 solum
1245 548 1387 594 verbis
1405 549 1670 596 renuntiaret
1691 567 1702 595 t

339 624 442 689 quia
466 634 507 669 et
534 622 565 668 si
595 621 699 667 emit
722 619 911 683 aliquid,
939 630 1147 683 tanquam
1171 635 1259 664 non
1286 619 1510 685 possidens
1535 633 1649 673 erat}
1673 632 1715 669 et

343 696 378 741 si
403 694 608 740 utebatur
639 692 727 737 hoc
752 689 942 746 mundo,
983 700 1190 753 tanquam
1222 705 1308 735 non
1338 700 1458 738 utens
1484 702 1598 755 erat,
1626 709 1713 743 non

343 782 517 832 sperans
531 765 576 810 in
595 763 762 809 incerto
782 761 1050 818 divitiarum,
1072 759 1208 808 sedin
1225 761 1315 807 Deo
1328 761 1440 811 vivo,

407 836 568 884 XXIV.
599 835 712 880 Cum
734 834 847 880 enim
873 832 1012 878 omnis
1032 832 1108 895 qui
1130 831 1351 881 renuntiat
1384 832 1492 881 huic
1521 835 1683 884 saeculo
1701 873 1713 893 ,

343 908 432 955 sine
456 907 593 953 dubio
619 904 837 951 renuntiet
872 903 1076 953 omnibus
1106 920 1204 967 quae
1235 913 1334 954 sunt
1366 907 1478 964 ejus,
1510 915 1557 951 ut
1585 906 1720 968 possit

345 978 512 1024 Christi
539 994 626 1024 esse
658 974 912 1038 Discipulus
937 991 947 1019 ε
974 974 1067 1038 ipse
1100 975 1241 1031 enim,
1269 989 1369 1023 curn
1394 973 1447 1020 de
1470 975 1720 1038 sumptibus

344 1050 398 1096 ad
425 1049 553 1095 turris
579 1046 818 1094 aedificium
844 1045 1092 1094 necessariis
1109 1082 1120 1103 ,
1143 1055 1184 1091 et
1207 1044 1260 1091 de
1283 1044 1399 1093 bello
1432 1044 1633 1094 adversus
1657 1064 1719 1093 re-

341 1139 436 1181 gem
478 1120 662 1165 alterum
699 1115 992 1181 praeparando
1013 1153 1023 1172 ,
1068 1115 1370 1162 similitudines
1410 1117 1684 1180 praemisisset
1705 1155 1716 1174 ‚

345 1192 542 1252 adjunxit
562 1191 621 1236 sic
639 1207 648 1235 :
669 1210 687 1230 α
707 1189 795 1246 Qui
819 1206 907 1234 non
923 1188 1143 1235 renuntiat
1161 1187 1363 1234 omnibus
1380 1203 1480 1251 quae
1497 1199 1596 1234 sunt
1611 1192 1718 1248 ejus,

347 1286 366 1305 »
391 1280 479 1309 nou
508 1270 650 1326 potest
676 1277 794 1305 meus
819 1276 904 1304 esse
930 1256 1213 1322 Discipulus1
1237 1274 1247 1302 :
1272 1258 1287 1321 )
1310 1279 1330 1298 ›>
1354 1257 1548 1321 profecto
1567 1276 1722 1306 renun-

346 1335 424 1380 tiat
445 1334 572 1380 etiam
595 1330 757 1377 divitiis
777 1330 862 1376 suis
878 1367 888 1386 ,
916 1330 949 1375 si
974 1347 1080 1393 quas
1104 1328 1266 1384 habet3
1288 1339 1363 1375 aut
1380 1329 1439 1375 sic
1467 1340 1514 1375 ut
1539 1347 1607 1379 eas
1630 1348 1721 1381 om-

348 1406 451 1452 nino
468 1422 554 1450 non
570 1402 752 1463 diligens
768 1439 779 1459 ,
800 1411 908 1446 totas
922 1400 1158 1446 distribuat
1174 1399 1471 1460 indigentibus
1485 1437 1496 1456 ‚
1517 1413 1558 1446 et
1575 1419 1724 1464 super-

348 1476 446 1522 fluis
493 1484 746 1520 exoneretur
792 1471 968 1517 sarcinis
1009 1489 1019 1515 ε
1065 1481 1139 1517 aut
1178 1470 1238 1516 sic
1260 1507 1271 1526 ,
1314 1481 1363 1516 ut
1403 1470 1503 1533 plus
1543 1471 1724 1532 diligens

350 1546 596 1600 Christum,
619 1561 743 1608 spem
764 1543 818 1588 ab
834 1543 891 1587 eis
911 1541 1140 1587 transferat
1160 1541 1203 1587 in
1220 1540 1383 1603 ipsum,
1405 1551 1535 1606 atque
1550 1542 1608 1588 ita
1634 1553 1723 1588 uta-

348 1628 419 1664 tur
437 1616 520 1662 illis
539 1654 548 1672 ,
581 1626 630 1661 ut
658 1613 783 1660 facile
806 1613 1000 1659 tribuens
1026 1623 1066 1658 et
1092 1611 1443 1668 communicans,
1470 1612 1725 1663 thesaurizet

348 1689 394 1735 in
412 1687 552 1741 coelo;
576 1696 840 1750 paratusque
859 1683 912 1729 sit
929 1681 1299 1748 quemadmodum
1328 1693 1524 1745 parentes
1547 1694 1588 1728 et
1616 1685 1726 1736 filios

350 1770 392 1806 et
409 1759 561 1805 fratres
582 1768 623 1802 et
642 1773 812 1802 uxorem
830 1792 840 1810 ,
864 1754 951 1800 hoc
972 1753 1102 1800 modo
1121 1765 1163 1800 et
1179 1753 1279 1799 istas
1293 1753 1557 1817 relinquere,
1579 1755 1613 1799 si
1632 1756 1726 1803 talis

352 1829 547 1877 conditio
567 1827 791 1892 proposita
809 1826 940 1872 fuerit
955 1863 966 1882 ,
998 1836 1043 1871 ut
1058 1825 1139 1871 nisi
1158 1823 1333 1872 dimisso
1354 1823 1530 1871 Christo
1553 1842 1621 1872 eas
1643 1827 1726 1873 ha-

350 1900 452 1947 bere
483 1916 571 1944 non
594 1897 743 1961 possit.
778 1898 888 1943 Nam
923 1897 957 1941 si
999 1896 1121 1941 aliter
1151 1895 1258 1940 huic
1287 1894 1449 1941 saeculo
1480 1898 1723 1954 renuntiat,

352 1969 529 2034 quando
550 1967 717 2014 accedit
733 1966 787 2012 ad
803 1965 903 2011 fidei
922 1965 1251 2012 Sacramentum
1268 2002 1278 2022 ‚
1302 1965 1408 2012 facit
1420 1967 1540 2029 quod
1564 1968 1617 2013 de
1633 1968 1728 2032 lap-

351 2042 407 2088 sis
439 2041 589 2086 beatus
628 2037 875 2101 Cyprianus
914 2036 1120 2096 ingemit,
1150 2035 1329 2082 dicens:
1353 2037 1559 2085 «Saeculo
1587 2040 1728 2085 verbis

352 2113 451 2159 solis
473 2109 784 2164 renuntiantes,
803 2118 844 2153 et
862 2124 950 2153 non
969 2107 1108 2154 factis.
1131 2128 1150 2149 ›>
1167 2110 1232 2152 De
1253 2107 1341 2153 hoc
1360 2108 1526 2173 quippe
1544 2109 1724 2168 dicitur,

355 2200 454 2230 cum
486 2180 682 2227 veniente
719 2177 977 2234 tentatione,
1022 2177 1157 2238 magis
1201 2177 1280 2224 ista
1317 2180 1473 2225 metuit
1503 2182 1699 2228 amittere
1714 2220 1724 2238 ‚

353 2270 486 2320 quam
523 2250 747 2297 Christum
773 2265 924 2309 negare
952 2265 961 2292 :
990 2269 1010 2289 α
1038 2249 1150 2293 Ecce
1177 2247 1310 2294 homo
1329 2249 1405 2313 qui
1425 2251 1564 2314 coepit
1592 2252 1730 2302 aedifi--

354 2347 376 2368 »
401 2341 497 2371 care
514 2360 524 2378 ,
555 2332 596 2367 et
633 2338 720 2366 non
746 2318 890 2384 potuit
924 2319 1179 2382 perficere‘2.
1204 2341 1224 2360 »
1249 2321 1347 2386 lpse
1370 2332 1432 2368 est
1461 2323 1615 2382 etiam,
1653 2327 1730 2389 qui

355 2412 457 2441 cum
471 2392 619 2438 adhuc
632 2391 757 2450 longe
771 2399 876 2436 esset
890 2389 1155 2435 adversarius
1172 2394 1262 2450 ejus
1277 2429 1287 2448 ,
1310 2391 1425 2439 misit
1438 2392 1597 2455 legatos
1610 2413 1666 2459 qu
1674 2414 1729 2443 ἱρ-

355 2482 451 2512 rens
472 2479 623 2527 pacem
643 2481 653 2515 ;
681 2460 725 2506 id
745 2471 830 2517 est,
859 2459 1056 2506 nondum
1081 2461 1308 2521 affligente,
1331 2462 1404 2509 sed
1419 2464 1566 2511 adhuc
1582 2465 1729 2513 immi-

356 2545 483 2584 nente
503 2550 551 2579 ac
570 2532 764 2578 minante
790 2532 1023 2578 tentatione
1037 2569 1049 2590 ,
1077 2543 1123 2579 ut
1145 2532 1195 2580 iis
1216 2550 1302 2581 non
1322 2545 1463 2582 careat
1479 2573 1490 2594 ,
1510 2552 1611 2602 quae
1631 2538 1730 2602 plus

406 2620 416 2644 ¹
436 2617 515 2651 Luc.
532 2627 599 2656 MV,
617 2617 672 2650 33.
695 2634 737 2642 —
753 2615 836 2648 21d.
859 2627 932 2660 xiv,
951 2619 1007 2650 30.
