1799 3251
308 299 396 345 260
724 311 757 339 s.
804 310 1044 341 *avorsum
1079 312 1283 343 El'lsCOPI

311 402 331 422 ))
356 375 726 442 praevaricationis
761 375 896 420 Adae1
919 394 928 419 :
960 397 979 416 n
1005 377 1168 440 quibus
1193 378 1371 440 quidem
1398 379 1539 425 vorbis
1560 380 1680 427 nullo

311 450 440 496 modo
463 449 539 494 iste
569 464 711 493 sensus
733 446 936 494 aufertur.
970 448 1220 494 Secundum
1244 449 1331 495 hoc
1356 452 1522 514 quippe
1550 451 1681 498 intel-

309 523 504 583 liguntur
541 537 739 584 peccasse
771 520 815 565 in
855 520 1136 567 similitudine
1168 523 1540 584 praevaricationis
1575 523 1682 570 Adae

309 592 548 640 secundum
574 590 692 654 quod
716 607 846 654 supra
868 590 1037 636 dictum
1061 602 1148 646 est,
1177 613 1196 632 «
1221 593 1272 637 In
1293 609 1379 655 quo
1408 610 1554 639 omnes
1574 611 1683 657 pec-

310 685 331 706 »
355 672 600 709 caverunt.»
633 659 716 706 Sed
747 673 887 706 tamen
905 661 1033 720 graeci
1053 661 1222 707 codices
1239 700 1250 718 ,
1273 662 1387 708 unde
1406 663 1451 708 in
1476 664 1683 710 Latinum

309 733 537 796 Scriptura
552 730 755 776 translata
767 741 844 787 est,
860 730 969 776 illud
988 731 1134 794 plures
1152 732 1320 778 habent
1339 733 1458 796 quod
1479 733 1677 781 diximus.

372 805 468 849 XX.
509 801 639 859 Quod
665 818 766 847 vero
796 801 990 861 adjunxit
1014 802 1066 847 de
1099 801 1237 848 Adam
1258 821 1268 848 :
1311 825 1330 844 <‹
1352 805 1440 861 Qui
1463 815 1524 850 est
1546 804 1686 851 forma

309 873 537 929 »futuri,»
556 889 695 935 neque
734 872 821 917 hoc
859 889 945 918 uno
980 871 1236 932 intelligitur
1271 874 1427 919 modo:
1471 885 1546 920 aut
1572 876 1686 921 enim

306 945 445 992 forma
471 944 634 990 Christi
657 961 679 988 a
702 942 921 988 contrario
947 953 1008 988 est
1025 980 1036 999 ,
1065 954 1113 988 ut
1142 944 1514 1007 quemadmodum
1541 946 1586 991 in
1611 946 1686 992 illo

309 1033 456 1063 omnes
479 1015 744 1068 moriuntur,
771 1013 830 1059 sic
850 1025 891 1059 et
913 1014 957 1059 in
991 1014 1168 1060 Christo
1203 1033 1349 1061 omnes
1384 1016 1685 1071 vivificentur3

309 1098 352 1133 et
375 1084 600 1150 quomodo
626 1102 704 1147 per
740 1084 876 1147 ipsius
896 1083 1237 1131 inobedientiam
1255 1097 1505 1149 peccatores
1525 1087 1689 1132 consti-

308 1157 393 1204 tuti
412 1166 512 1202 sunt
532 1154 676 1211 multi,
707 1155 766 1200 sic
790 1172 867 1217 per
888 1154 1052 1200 Christi
1086 1155 1501 1216 obedientiamjusti
1519 1157 1684 1203 consti-

312 1238 490 1274 tuantur
522 1226 670 1272 multi.
699 1227 786 1271 Aut
811 1225 995 1272 formam
1020 1225 1155 1272 futuri
1182 1244 1279 1273 eum
1304 1227 1428 1284 dixit,
1459 1228 1578 1291 quod
1600 1229 1691 1292 ipse

311 1299 514 1345 inflixerit
529 1297 715 1343 formam
741 1296 892 1341 mortis
909 1297 1090 1360 posteris
1110 1297 1213 1344 suis.
1247 1297 1324 1343 Ille
1348 1308 1488 1343 tamen
1514 1309 1577 1344 est
1599 1315 1692 1344 me-

311 1370 394 1416 lior
412 1368 672 1423 intellectus,
706 1377 754 1412 ut
774 1385 796 1412 a
814 1368 1032 1412 contrario
1047 1367 1186 1413 forma
1208 1385 1292 1414 esse
1317 1367 1538 1420 credatur,
1560 1385 1691 1432 quam

311 1441 501 1487 multum
532 1438 809 1485 commendat
838 1438 1089 1502 Apostolus,
1137 1439 1334 1503 Denique
1367 1457 1419 1485 ne
1444 1440 1621 1486 omnino
1647 1457 1694 1485 ex

312 1512 496 1575 aequoin
517 1511 603 1555 hac
614 1509 753 1555 forma
767 1509 915 1555 eadem
936 1510 1154 1555 contraria
1174 1521 1474 1573 pensarentur,
1495 1510 1695 1570 adjungit

309 1594 352 1628 et
391 1581 498 1628 dicit
530 1598 539 1625 ε
574 1603 592 1621 α
615 1579 700 1625 Sed
726 1597 813 1625 non
848 1580 959 1626 sicut
995 1579 1221 1635 delictum,
1251 1580 1310 1625 ita
1341 1591 1380 1626 et
1423 1580 1616 1627 donatio.
1650 1579 1696 1626 Si

313 1674 333 1696 >³
358 1652 472 1699 enim
495 1652 552 1696 ob
573 1650 700 1696 unius
729 1650 938 1696 delictum
958 1650 1084 1696 multi
1121 1651 1281 1696 mortui
1299 1662 1416 1707 sunt,
1439 1651 1579 1697 multo
1600 1668 1696 1697 ma-

314 1745 334 1766 »
357 1723 418 1784 gis
434 1723 567 1782 gratia
594 1721 676 1766 Dei
714 1731 754 1765 et
785 1720 952 1766 donum
974 1721 1017 1766 in
1043 1721 1179 1781 gratia
1209 1721 1336 1767 unius
1371 1721 1563 1767 hominis
1596 1726 1697 1767 Jesu

316 1819 335 1838 »
358 1793 524 1840 Christi
541 1793 586 1838 in
620 1791 779 1837 multos
802 1791 1078 1838 abundabit2
1098 1810 1107 1837 ε
1129 1814 1148 1835 »
1177 1803 1225 1838 ut
1249 1791 1532 1852 intelligatur,
1550 1791 1696 1838 nonin

315 1865 452 1925 magis
469 1864 644 1918 multos,
664 1880 762 1908 cum
780 1863 920 1926 iniqui
943 1864 1073 1923 magis
1091 1863 1218 1909 multi
1233 1864 1316 1910 sint
1331 1865 1405 1927 qui
1420 1863 1697 1909 damnabun-

318 1947 420 1989 tur3
447 1934 518 1980 sed
544 1934 678 1992 magis
703 1933 979 1989 abundabit,
1002 1933 1122 1996 quod
1160 1934 1202 1978 in
1231 1934 1282 1979 iis
1299 1971 1308 1989 ,
1339 1933 1416 1997 qui
1448 1951 1526 1997 per
1550 1932 1697 1978 Chris-

319 2018 413 2054 tum
449 2005 741 2060 redimuntur,
789 2004 1084 2067 temporaliter
1139 2004 1254 2049 valet
1287 2004 1427 2049 forma
1462 2004 1613 2049 mortis
1651 2021 1698 2050 ea

322 2077 479 2133 Adam,
503 2077 548 2121 in
576 2085 785 2120 aeternum
819 2084 960 2119 autem
980 2073 1142 2120 valebit
1163 2073 1246 2120 viae
1263 2073 1401 2119 forma
1439 2091 1518 2137 per
1542 2074 1699 2120 Chris-

323 2160 432 2195 tum.
462 2146 673 2203 Quamvis
690 2162 808 2204 ergO,
837 2145 996 2208 inquit,
1019 2144 1155 2190 Adam
1172 2145 1308 2191 futuri
1325 2144 1463 2190 forma
1478 2145 1531 2190 sit
1546 2163 1568 2190 a
1591 2162 1699 2190 con-

323 2220 473 2275 trario,
499 2217 598 2281 plus
620 2227 763 2261 tamen
782 2226 961 2278 praestat
984 2216 1182 2261 Christus
1198 2215 1473 2275 regeneratis,
1498 2232 1627 2279 quam
1642 2215 1700 2261 eis

322 2300 529 2339 nocuerat
554 2288 623 2334 ille
643 2288 850 2348 generatis
874 2305 884 2332 ε
912 2288 1004 2332 «Et
1040 2305 1126 2333 non
1153 2288 1263 2334 sicut
1281 2305 1359 2351 per
1376 2304 1509 2334 unum
1539 2304 1700 2351 pecca-

324 2385 346 2407 »
370 2374 481 2416 tum,
504 2362 566 2406 ita
592 2370 633 2405 et
677 2359 857 2404 donum.
899 2359 1006 2404 Nam
1035 2358 1255 2417 judicium
1283 2358 1459 2421 quidem
1481 2376 1526 2404 ex
1550 2374 1636 2402 uno
1657 2358 1701 2402 in

324 2456 344 2476 ›>
365 2430 787 2484 condemnationem,
830 2429 964 2488 gratia
999 2440 1139 2474 autem
1178 2447 1225 2475 ex
1265 2429 1412 2474 multis
1452 2427 1621 2474 delictis
1657 2427 1702 2472 in

323 2527 344 2548 ›>
364 2500 733 2564 justificationem.
756 2521 774 2541 >2
800 2500 898 2545 Non
916 2499 1055 2545 solum
1081 2499 1125 2545 in
1146 2499 1250 2556 boc,
1274 2499 1434 2563 inquit,
1449 2516 1536 2545 non
1559 2514 1702 2561 aequa-

320 2576 370 2623 lis
391 2584 451 2619 est
476 2572 630 2626 forma,
673 2571 776 2634 quia
815 2570 886 2616 ille
921 2570 1216 2634 temporaliter
1244 2571 1395 2617 nocuit
1418 2570 1493 2626 eis,
1521 2586 1629 2633 quos
1657 2569 1702 2614 in

367 2659 376 2680 ¹
397 2661 487 2690 Rom.
507 2666 561 2698 xv,
587 2662 637 2691 ιζ.
656 2672 694 2678 -
710 2652 826 2685 ²1bid,
854 2653 906 2686 εὔ.
