1799 3251
608 299 816 330 arisrotA
853 300 995 331 cnxvr.
1397 288 1481 335 331

126 365 282 420 Adam,
309 380 356 412 ex
390 380 476 427 quo
513 379 614 409 caro
646 373 709 408 est
731 375 969 427 propagata
1008 366 1209 429 peccati:
1238 376 1313 412 aut
1334 367 1369 412 si
1402 384 1490 413 non

119 444 332 497 peccant,
374 449 459 496 qua
481 433 647 492 justitia
688 434 902 480 Creatoris
940 436 997 481 ita
1027 447 1207 498 peccato
1243 437 1491 496 obligantur

123 505 278 560 alieno,
300 521 400 557 cum¹
423 503 570 549 exinde
585 507 834 567 propagatis
852 507 1055 552 membris
1082 507 1336 553 mortalibus
1373 508 1491 553 inse-

119 585 295 630 runtur,
323 585 372 619 ut
403 591 471 620 eas
493 611 502 629 ,
535 574 616 619 nisi
644 591 721 637 per
757 575 993 621 Ecclesiam
1030 578 1292 623 subventum
1327 577 1455 624 fuerit
1474 614 1484 632 ‚

119 644 341 690 damnatio
361 654 675 706 consequatur3
700 661 800 689 cum
834 645 876 690 in
897 663 1043 691 earum
1066 658 1280 708 potestate
1295 665 1381 693 non
1417 649 1486 703 sit,

118 725 166 761 ut
180 715 238 762 eis
255 715 391 778 possit
409 717 545 774 gratia
565 714 772 777 baptismi
797 715 1030 762 subveniri.
1062 717 1146 761 Tot
1167 717 1300 776 igitur
1323 718 1491 763 anima-

118 800 215 835 rum
237 784 389 840 millia,
413 801 513 847 quae
537 784 581 830 in
601 785 812 830 mortibus
837 786 1124 847 parvulorum
1144 787 1232 831 siue
1257 786 1491 846 indulgen-

118 855 175 901 tia
190 855 427 902 Christiani
441 855 700 902 sacramenti
715 855 767 900 de
786 856 1044 918 corporibus
1059 867 1230 909 exeunt,
1249 874 1335 920 qua
1358 857 1492 920 eequi-

117 936 202 972 tate
225 925 508 980 damnantur,
536 925 570 970 si
599 942 725 970 novae
745 936 918 981 creatae,
950 925 1071 972 nullo
1095 943 1183 973 suae
1217 927 1491 989 praecedente

115 1005 316 1059 peccato,
337 994 411 1040 sed
429 994 652 1040 voluntate
675 995 890 1040 Creatoris
908 995 1088 1055 singulae
1112 996 1287 1054 singulis
1308 1013 1491 1042 nascen—

116 1067 235 1112 tibus
277 1064 574 1121 adhaeseruut,
605 1065 765 1127 quibus
800 1083 868 1110 eas
893 1065 1136 1111 animandis
1160 1066 1230 1111 ilie
1256 1067 1420 1111 creavit
1451 1077 1493 1112 et

116 1135 236 1182 dedit
255 1156 266 1190 ;
282 1137 359 1198 qui
381 1135 529 1198 utique
553 1145 749 1189 noverat,
776 1135 895 1198 quod
911 1151 1183 1198 unaquaeque
1202 1152 1346 1180 earum
1371 1135 1492 1181 nulla

115 1224 188 1254 sua
216 1206 348 1269 culpa
375 1205 463 1249 sine
486 1205 706 1268 baptismo
734 1205 899 1249 Christi
922 1205 975 1250 de
1008 1223 1191 1268 corpore
1228 1205 1367 1251 fuerat
1402 1206 1492 1250 exi-

104 1280 246 1325 tura?
284 1275 504 1332 Quoniam
537 1275 668 1334 igitur
709 1291 848 1338 neque
883 1275 935 1320 de
970 1277 1057 1320 Deo
1087 1292 1312 1338 possumus
1336 1275 1491 1331 dicere,

119 1346 238 1412 quod
253 1346 319 1393 vel
339 1356 463 1405 cogat
485 1345 645 1412 animas
668 1345 761 1390 fieri
785 1345 1063 1407 peccatrices,
1087 1345 1154 1391 vel
1184 1346 1338 1408 puniat
1359 1345 1493 1391 inno-

118 1427 291 1470 centes;
319 1432 458 1478 neque
482 1431 635 1474 negare
665 1414 725 1459 fas
751 1414 877 1459 nobis
897 1425 983 1470 est,
1005 1432 1072 1459 eas
1089 1431 1189 1477 quae
1209 1415 1298 1460 sine
1329 1414 1491 1459 Christi

119 1496 387 1535 sacramento
414 1485 468 1531 de
500 1485 760 1547 corporibus
801 1485 994 1539 exierint,
1021 1485 1147 1530 etiam
1184 1484 1488 1547 parvulorum,

118 1575 205 1607 non
247 1557 326 1606 nisi
348 1558 393 1602 in
419 1556 742 1603 damnationem
770 1555 883 1602 trahi
908 1573 918 1601 ε
963 1555 1142 1600 obsecro
1169 1566 1211 1600 te
1232 1593 1241 1611 ‚
1271 1555 1493 1618 quomodo

117 1630 216 1674 haec
237 1628 387 1691 opinio
413 1625 677 1678 defenditur,
704 1643 791 1689 qua
809 1625 1048 1671 creduntur
1069 1625 1224 1670 animae
1241 1642 1326 1670 non
1354 1642 1402 1670 ex
1420 1625 1493 1671 illa

121 1717 205 1746 una
221 1699 353 1762 primi
379 1697 571 1743 hominis
592 1697 683 1742 fieri
703 1713 866 1751 omnes,
895 1696 968 1741 sed
987 1696 1100 1741 sicut
1124 1695 1196 1742 illa
1224 1712 1307 1741 una
1322 1695 1416 1751 uni,
1433 1696 1494 1741 ita

118 1769 296 1828 singulis
315 1767 527 1827 singulae?

181 1841 260 1887 XI.
290 1840 350 1883 Ea
373 1855 474 1883 vero
510 1853 609 1900 quae
635 1835 844 1881 dicuntur
884 1836 966 1882 alia
991 1847 1142 1881 contra
1170 1836 1286 1881 hanc
1317 1836 1494 1899 opinio-

117 1928 233 1966 nem,
253 1909 378 1955 facile
396 1919 503 1972 puto
519 1925 586 1953 me
604 1924 727 1970 posse
771 1906 975 1960 refellere,
1006 1906 1133 1953 sicuti
1158 1918 1219 1952 est
1242 1906 1370 1961 illud,
1407 1923 1495 1969 quo

117 1998 210 2027 eam
229 1981 312 2025 sibi
330 1979 510 2043 quidam
532 1977 737 2026 videntur
766 1995 932 2037 urgere,
967 1977 1189 2040 quomodo
1213 1994 1491 2022 consumma-

119 2051 227 2096 verit
249 2051 366 2095 Deus
382 2049 527 2094 onmia
552 2065 684 2111 opera
706 2064 780 2093 sua
802 2058 914 2092 sexto
939 2047 1026 2102 die,
1056 2058 1098 2092 et
1116 2047 1299 2109 septimo
1322 2046 1497 2109 requie-

116 2121 226 2166 verit
267 2120 301 2165 si
325 2135 458 2164 novas
483 2118 629 2164 adhuc
671 2117 835 2162 animas
859 2128 975 2162 creat
991 2117 1005 2146 1
1029 2121 1047 2162 ἱ)
1077 2117 1252 2173 Quibus
1276 2116 1310 2161 si
1336 2115 1497 2161 dixeri—-

116 2207 213 2237 mus
232 2189 347 2253 quod
376 2207 423 2234 ex
447 2188 681 2248 Evangelio
701 2188 746 2233 in
782 2187 1033 2250 supradicta
1063 2187 1244 2250 epistola
1275 2187 1458 2250 posuisti
1482 2204 1492 2231 ε

118 2265 277 2306 «Pater
296 2276 414 2305 meus
432 2275 567 2321 usque
587 2275 702 2304 nunc
724 2270 929 2322 operatur
949 2260 965 2286 2
990 2276 999 2303 ι
1028 2257 1311 2320 respondent,
1341 2273 1495 2318 opera-

118 2342 206 2384 tur,
235 2330 403 2375 dictum
423 2339 498 2385 est,
524 2328 740 2373 institutas
777 2328 1136 2383 administrando,
1160 2344 1247 2372 non
1271 2343 1404 2374 novas
1432 2326 1497 2371 in-

118 2399 337 2446 stituendo
351 2410 541 2452 naturam,
573 2415 625 2442 ne
646 2398 888 2461 Scripturas
910 2399 1122 2443 Geneseos
1149 2395 1495 2452 contradicatur,

119 2470 197 2516 ubi
221 2468 483 2532 apertissime
506 2467 679 2526 legitur,
701 2484 1020 2513 consummasse
1039 2468 1177 2511 Deum
1201 2466 1346 2511 omnia
1365 2481 1497 2527 opera

117 2557 208 2586 sua.
238 2540 349 2584 Nam
374 2548 416 2583 et
439 2537 559 2600 quod
584 2554 682 2582 eum
709 2538 921 2601 scripturn
952 2548 1012 2583 est
1039 2536 1316 2600 requievisse,
1345 2537 1496 2598 utique

169 2624 340 2656 ¹Geu.11.
357 2633 387 2653 2.
407 2640 444 2645 --
465 2620 479 2641 2
495 2624 591 2653 Joan.
611 2632 641 2659 v,
663 2632 714 2660 17·
