1799 3251
522 279 734 319 ,Emsrom
770 285 930 316 cxcvii.
1335 271 1421 329 143

55 347 142 399 sive
162 358 300 406 stent,
320 349 408 395 sive
440 360 710 397 moveantur.
751 351 889 395 Porro
915 350 949 395 si
977 367 1024 396 ea
1045 386 1056 406 ,
1084 367 1184 414 quae
1211 351 1257 397 in
1280 353 1424 398 animo

54 429 202 467 nostro
230 429 332 464 sunt
367 420 630 483 corporibus
661 419 854 482 locisque
885 420 1129 476 simillima,
1160 438 1248 467 non
1282 432 1424 469 tamen

53 489 248 536 locorum
270 490 418 553 spatiis
442 501 570 554 atque
589 491 751 536 finibus
772 491 1066 548 continentur,
1093 509 1170 537 nec
1190 492 1427 538 intervallis

52 559 266 610 localibus
295 563 340 607 in
367 571 513 607 nostra
535 562 742 607 memoria
766 572 1068 623 reponuntur3
1102 573 1267 624 quanto
1292 563 1427 622 magis

52 631 125 676 illa
143 667 153 687 ,
181 648 281 694 quae
302 632 467 678 nullam
495 643 650 692 gerunt
676 631 1002 677 similitudinem
1028 649 1262 694 corporum
1287 670 1297 688 ,
1321 633 1427 678 cha-

51 701 173 759 ritas,
191 702 418 762 gaudium,
437 703 747 762 longanimitas
760 740 770 758 ‚
795 720 877 765 pax
894 739 905 756 ,
931 702 1174 762 benignitas
1189 740 1201 758 ,
1219 703 1392 748 bonitas
1411 740 1421 758 ‚

51 771 158 821 fides
180 809 190 829 ‚
228 772 515 819 mansuetudo
539 811 550 830 ‚
576 773 869 829 continentia,
901 772 1017 818 nulla
1054 772 1248 817 locorum
1287 773 1426 836 spatia

52 852 215 899 tenent,
239 842 359 889 nulla
382 843 708 906 intercapedine
732 854 987 906 separantur
1004 879 1015 897 ,
1047 853 1121 888 aut
1145 842 1288 905 aliqua
1306 843 1424 889 oculi

51 913 220 969 cordis,
246 931 335 977 quo
360 913 504 960 radios
522 932 618 960 suos
637 914 829 968 mittant,
851 924 953 959 etca
976 913 1170 959 videant.
1197 913 1423 959 intervalia

52 984 356 1047 conquirunt?
378 985 532 1031 Nonne
549 984 697 1030 omnia
722 985 767 1030 in
792 1001 879 1030 uno
900 995 1000 1029 sunt
1018 985 1106 1029 sine
1130 984 1327 1043 angustia
1347 1021 1357 1039 ‚
1382 995 1424 1030 et

51 1053 138 1099 suis
160 1054 352 1100 terminis
371 1065 472 1100 nota
493 1066 612 1111 sunt,
639 1055 728 1100 sine
754 1055 941 1100 circuitu
961 1054 1221 1113 regionum?
1246 1054 1334 1099 Aut
1352 1053 1441 1100 dic:

50 1123 95 1169 in
117 1141 206 1188 quo
228 1124 326 1171 loco
343 1125 488 1172 videas
513 1126 793 1179 charitatem;
813 1142 914 1188 quae
938 1135 1078 1170 tamen
1096 1124 1324 1170 intantum
1340 1124 1422 1170 tibi

50 1195 223 1255 cognita
244 1207 324 1252 est,
343 1197 389 1243 in
407 1207 620 1260 quantum
644 1214 736 1243 eam
762 1207 883 1260 potes
901 1196 1055 1241 mentis
1083 1195 1172 1241 acie
1190 1196 1422 1242 contueri:

49 1283 181 1329 quam
215 1284 304 1313 non
339 1267 436 1314 ideo
457 1285 659 1328 magnam
687 1267 832 1323 nosti,
858 1267 960 1330 quia
988 1267 1203 1326 ingentem
1231 1265 1422 1329 aliqu1m

50 1336 207 1383 molem
230 1338 540 1401 conspiciendo
563 1338 780 1391 lustrasti3
810 1354 888 1383 nec
914 1353 1016 1382 cum
1036 1337 1120 1382 tibi
1139 1337 1257 1381 intus
1284 1336 1425 1399 loqui-

51 1417 123 1453 tur
139 1444 151 1464 ‚
178 1418 227 1453 ut
243 1408 484 1454 secundum
502 1426 594 1454 eam
624 1409 743 1454 vivas
765 1444 775 1463 ‚
801 1407 900 1452 ullis
917 1407 1150 1470 perstrepit
1171 1406 1287 1452 sonis
1308 1427 1320 1460 ;
1343 1425 1422 1453 nec

51 1488 100 1523 ut
121 1496 212 1524 eam
242 1496 390 1525 cernas
413 1478 708 1542 corporalium
731 1478 880 1524 lumen
911 1478 1035 1538 erigis
1058 1478 1316 1535 oculorum3
1346 1495 1424 1524 nec

51 1558 99 1599 ut
146 1566 239 1595 eam
283 1549 452 1595 fortiter
495 1560 637 1595 teneas
655 1586 666 1605 ‚
714 1548 1007 1612 corporalium
1048 1549 1159 1594 vires
1200 1566 1423 1612 praeparas

49 1618 341 1675 lacertorum3
369 1638 450 1668 nec
473 1637 573 1667 cum
599 1620 682 1667 tibi
711 1621 830 1667 venit
860 1620 905 1666 in
934 1630 1119 1665 mentem
1139 1657 1150 1675 ,
1180 1621 1308 1666 sentis
1329 1623 1421 1679 ejus

49 1691 277 1738 incessum.
1436 1747 1439 1749 Α

114 1763 274 1810 XLIV.
297 1765 410 1809 Ecce
429 1763 559 1809 etiam
573 1762 762 1808 charitas
781 1761 1182 1825 quantulacumque
1204 1761 1250 1806 iu
1275 1772 1420 1808 nostra

48 1833 273 1880 voluntate
300 1834 511 1891 consistit,
535 1832 747 1895 nobisque
770 1833 1004 1895 conspicua
1029 1843 1090 1877 est
1105 1868 1116 1888 ‚
1154 1848 1233 1876 nec
1255 1831 1300 1877 iu
1324 1831 1421 1877 loco

49 1903 221 1950 videtur
239 1941 249 1961 ,
271 1921 351 1950 nec
374 1903 677 1967 corporalibus
701 1902 837 1948 oculis
861 1903 1099 1966 quaerstur,
1126 1919 1205 1947 nec
1228 1901 1422 1948 eircum-

50 1974 256 2023 scribitur
274 1975 370 2022 visu
385 2012 396 2031 ,
419 1991 500 2020 nec
525 1984 642 2019 tactu
660 1983 829 2019 tenetur
844 2010 854 2029 ‚
881 1990 961 2018 nec
982 1972 1158 2018 auditur
1174 1973 1326 2028 affatu,
1342 1990 1421 2018 nec

50 2047 230 2093 sentitur
259 2046 428 2092 incessu
462 2063 473 2091 :
509 2055 675 2109 quanto
711 2044 846 2104 magis
879 2044 994 2090 Deus
1021 2044 1139 2107 ipse,
1174 2048 1299 2104 cujus
1334 2044 1421 2090 hoc

49 2118 208 2181 pignus
229 2118 272 2163 in
293 2117 419 2162 nobis
441 2119 530 2162 est?
554 2116 664 2161 Nam
689 2116 723 2161 si
741 2114 919 2161 interior
939 2115 1073 2159 homo
1097 2124 1240 2159 noster
1254 2151 1266 2170 ‚
1283 2131 1422 2177 quan-

50 2188 333 2251 tulacumque
364 2187 507 2246 imago
535 2189 627 2245 ejus
645 2224 657 2237 ,
682 2203 769 2241 non
791 2185 844 2231 de
866 2185 940 2231 illo
960 2185 1102 2244 genita
1121 2221 1132 2240 ‚
1158 2184 1232 2230 sed
1265 2186 1320 2230 ab
1344 2184 1420 2230 illo

50 2269 220 2315 creata,
248 2257 446 2321 quamvis
474 2256 622 2302 adhuc
649 2266 878 2302 renovetur
901 2256 954 2301 de
981 2255 1051 2300 die
1073 2255 1117 2300 in
1154 2254 1300 2308 diem3
1328 2259 1420 2314 jam

51 2341 193 2376 tamen
215 2330 262 2375 in
282 2329 353 2374 tali
379 2328 477 2374 luce
504 2328 679 2373 habitat
701 2364 712 2383 ‚
741 2344 828 2390 quo
847 2326 992 2372 nullus
1011 2324 1241 2371 oculorum
1260 2342 1417 2388 corpo·

50 2400 204 2449 salium
230 2416 375 2446 sensus
412 2397 612 2444 accedit1
631 2435 642 2454 ,
678 2398 713 2443 si
741 2415 816 2452 ca,
842 2413 943 2460 quas
977 2396 1022 2441 in
1052 2395 1126 2441 illa
1153 2394 1251 2440 luce
1280 2395 1424 2440 cordis

50 2471 185 2518 oculis
205 2471 427 2516 intuemur
444 2506 455 2525 ,
476 2480 519 2514 et
538 2468 847 2514 discernuntur
871 2468 983 2512 inter
1003 2483 1045 2512 se
1058 2503 1068 2522 ‚
1096 2477 1138 2511 et
1155 2465 1285 2511 nullis
1305 2466 1423 2511 loco-

50 2557 144 2587 rum
164 2540 313 2604 spatiis
331 2551 609 2603 separantur;
643 2549 809 2602 quanto
843 2537 981 2597 magis
1002 2537 1146 2593 Deus,
1171 2536 1248 2599 qui
1282 2535 1423 2582 lucem
1450 2576 1453 2579 .

99 2624 108 2645 ¹
132 2635 149 2654 2
172 2625 249 2658 Cor.
274 2634 319 2662 rr,
335 2624 389 2663 96.
