1799 3251
556 246 767 277 EPISTOLA
804 249 948 277 extix.
1356 236 1434 282 181

71 333 90 353 »
115 312 442 358 Sacramentum
460 349 470 367 ‚
498 321 546 358 ut
571 329 657 357 non
677 312 764 357 sitis
783 313 907 358 vobis
929 314 1141 376 sapientes
1158 352 1167 368 ,
1196 316 1298 378 quia
1314 317 1440 362 eaeci-

68 404 87 424 ›>
110 393 174 428 tas
198 401 245 429 ex
259 384 433 446 partein
445 382 701 428 Isra'elfaeta
723 383 963 438 est,donee
990 384 1216 447 plenitudo
1245 387 1436 446 gentium

67 474 87 494 n
112 453 314 508 intraret,
339 453 460 499 etsie
483 453 622 499 omnis
645 453 776 499 Israel
799 453 939 499 salvus
965 455 1128 502 fieret'l.
1158 479 1176 497 »
1208 458 1266 501 Ex
1291 467 1437 520 parte,

65 523 193 579 dixit,
214 525 315 586 quia
334 541 421 569 non
442 541 588 569 omnes
609 524 809 568 exeaeeati
833 534 945 568 sunt.
976 525 1111 570 Erant
1133 526 1245 571 enim
1260 543 1304 570 ex
1325 525 1433 579 illis,

63 589 140 656 qui
159 595 384 640 Christum
409 605 718 654 cognoverunt.
746 594 980 639 Plenitudo
1007 606 1145 640 autem
1172 597 1362 656 gentium
1392 597 1435 642 in

61 664 130 709 his
155 664 317 720 intrat,
345 666 419 728 qui
447 665 685 711 seeundum
709 665 982 728 propositum
1009 666 1148 711 vocati
1175 677 1274 712 sunt
1299 685 1308 711 :
1338 689 1356 707 «
1381 667 1435 713 Et

62 755 82 774 >³
105 735 167 780 sic
181 735 319 781 omnis
339 736 470 781 lsrael
490 736 629 781 salvus
651 736 739 789 siet,
759 736 860 798 quia
875 746 916 780 et
934 752 980 779 ex
999 735 1165 782 Judaeis
1184 748 1283 782 etex
1303 737 1437 796 genti-

60 827 79 845 »
108 805 226 861 bus²‚
244 806 319 869 qui
338 806 574 852 seeundum
592 806 866 869 propositum
887 805 1027 850 vocati
1047 817 1162 852 sunt.
1181 829 1198 847 υ
1213 806 1294 869 ipsi
1313 823 1437 852 verus

57 886 159 921 sunt
183 877 316 923 lsrael
353 895 362 922 :
401 877 454 922 de
490 894 577 939 quo
613 877 722 922 dicit
747 877 860 922 idem
888 877 1121 939 Apostolus
1145 895 1155 922 ι
1186 898 1203 917 α
1230 878 1283 922 Et
1304 894 1434 940 super

58 967 77 987 »
104 947 237 992 lsrael
261 947 384 994 Dei3.
413 970 433 989 ›>
459 948 560 993 Illos
591 959 734 993 autem
763 946 870 992 dicit
894 946 1027 992 Israel
1063 946 1303 992 seeundum
1331 964 1431 992 ear-

56 1033 150 1062 nem
182 1034 192 1061 :
220 1017 437 1073 «Videte,
477 1019 652 1081 inquit,
697 1016 829 1063 Israel
873 1016 1111 1062 seeundum
1159 1017 1378 1064 carnem4.
1413 1042 1432 1060 »

56 1087 221 1133 Deinde
260 1088 503 1152 interponit
535 1088 831 1134 testimonium
864 1088 1133 1151 Prophetae:
1161 1087 1350 1133 «Veniet
1387 1105 1433 1133 ex

57 1180 75 1198 »
100 1158 226 1213 Sion,
262 1159 339 1221 qui
366 1159 522 1222 eripiat
545 1170 586 1204 et
615 1169 780 1205 avertat
802 1158 1065 1221 impietatem
1098 1158 1153 1202 ab
1189 1158 1353 1210 Jacob,
1388 1169 1430 1204 et

56 1249 74 1267 »
103 1227 188 1273 hoe
213 1228 297 1275 illis
317 1247 339 1274 a
361 1246 426 1274 me
454 1239 756 1275 testamentum
779 1245 883 1274 cum
903 1228 1124 1274 abstulero
1147 1239 1324 1291 peccata
1352 1246 1431 1274 eo-

52 1298 249 1343 >³ru1n5:
275 1319 295 1339 n
328 1316 413 1343 non
455 1299 603 1362 utique
645 1299 842 1345 omnium
870 1298 1150 1353 Judaeorum,
1183 1298 1253 1343 sed
1289 1297 1429 1344 dilee-

55 1378 213 1415 torum.

111 1440 208 1485 XX.
243 1439 358 1485 Hinc
378 1439 577 1500 adjungit
592 1458 657 1496 ea,
677 1457 778 1504 quae
800 1440 1056 1503 inquirenda
1079 1439 1284 1504 posuisti:
1313 1462 1330 1479 «
1347 1441 1427 1484 Se-

49 1530 68 1550 »
94 1509 289 1556 cundum
328 1510 612 1570 Evangelium
656 1510 834 1574 quidem
875 1511 1040 1556 inimici
1075 1520 1254 1574 propter
1297 1527 1382 1555 vos.
1407 1534 1425 1551 υ

46 1580 238 1626 Pretium
257 1581 423 1644 quippe
447 1580 758 1644 redemptionis
781 1592 940 1626 nostl'ae
965 1582 1136 1640 sanguis
1153 1590 1215 1626 est
1235 1580 1419 1630 Christi,

45 1650 120 1712 qui
160 1651 308 1715 utique
338 1651 510 1696 nonnisi
550 1651 605 1696 ab
638 1651 824 1697 inimicis
861 1652 1007 1714 potuit
1045 1650 1202 1696 occidi.
1241 1650 1325 1694 Hic
1360 1661 1423 1695 est

43 1719 114 1764 ille
135 1737 235 1766 usus
259 1721 474 1767 malorum
513 1721 558 1766 in
600 1732 858 1784 proveetum
885 1723 1120 1766 bonorum.
1153 1719 1283 1776 Quod
1321 1736 1421 1764 vero

42 1789 269 1852 adjungit:
298 1812 318 1833 (ι
337 1791 587 1837 Secundum
610 1791 861 1837 electionem
890 1803 1032 1837 autem
1069 1790 1216 1836 dilecti
1243 1800 1424 1853 propter

43 1881 62 1901 »
81 1871 252 1923 patres;
276 1882 296 1903 »
320 1861 427 1907 hine
451 1861 640 1907 ostendit
674 1879 762 1907 non
790 1861 886 1906 illos
911 1861 1130 1914 inimicos,
1163 1859 1235 1905 sed
1260 1858 1418 1904 electos

39 1947 124 1975 esse
159 1931 353 1978 dilectos.
378 1931 464 1977 Sed
495 1932 737 1996 Scripturae
760 1949 852 1978 mos
883 1942 944 1977 est
968 1931 1028 1977 ita
1050 1930 1170 1994 loqui
1209 1929 1262 1975 de
1292 1941 1416 1992 parte

39 2010 245 2064 tanquam
264 2001 318 2047 de
337 2012 426 2048 toto
450 2019 460 2047 z
480 2003 593 2048 sicut
609 2002 864 2048 Corinthios
878 2003 922 2047 in
943 2001 1097 2065 primis
1117 1999 1414 2064 epistolaesuae

37 2072 257 2133 partibus,
283 2072 343 2118 ita
366 2072 519 2118 laudat
547 2084 753 2135 tanquam
783 2089 929 2118 omnes
954 2072 1057 2118 tales
1082 2071 1194 2125 sint,
1218 2087 1318 2116 eum
1347 2087 1416 2114 es·-

36 2152 129 2187 sent
151 2141 391 2188 laudabiles
415 2143 596 2205 quidam
631 2159 781 2188 eorum
808 2161 817 2187 :
859 2153 900 2188 et
935 2153 1081 2206 postea
1124 2158 1167 2186 ln
1195 2139 1417 2185 nonnullis

34 2211 230 2274 epistolae
253 2212 388 2276 ipsius
410 2212 534 2268 locis,
551 2212 610 2258 ita
625 2212 1126 2276 reprehendittanquam
1149 2226 1296 2255 omnes
1315 2208 1410 2256 eul-

34 2283 204 2347 pabiles
230 2294 393 2339 essent,
429 2292 610 2346 propter
633 2282 844 2347 quosdam
877 2283 954 2346 qui
992 2281 1096 2327 tales
1119 2290 1254 2326 erant.
1284 2280 1415 2323 Istam

34 2353 284 2401 divinarum
303 2354 633 2417 Scripturarum
649 2354 1009 2400 consuetudinem
1025 2369 1104 2415 per
1116 2366 1243 2396 omne
1257 2364 1420 2411 eorpus

31 2424 275 2472 litterarum
299 2429 391 2486 ers
430 2425 689 2471 ereberrime
708 2442 920 2488 sparsam,
948 2422 1143 2488 quisquis
1183 2419 1413 2480 diligenter

82 2507 91 2529 ¹
111 2511 204 2540 Rom.
222 2520 268 2548 xi,
285 2510 326 2540 25
342 2511 440 2542 et26.
462 2528 503 2533 -—
521 2508 658 2549 21d..x,
678 2521 706 2548 7.
726 2527 765 2533 -—
785 2506 913 2541 3Galat,
932 2519 977 2550 vu,
998 2508 1052 2541 16.
1072 2524 1115 2529 —-
1131 2503 1143 2527 ⁴
1170 2517 1180 2535 ι
1208 2505 1284 2536 Cor.
1306 2515 1336 2539 x,
1357 2503 1410 2534 18.

34 2581 72 2587 —-
91 2561 105 2585 ⁵
119 2566 210 2596 Rom.
226 2573 271 2603 xv,
287 2565 708 2606 26‚27‚exlsa'1'.mx‚2‹›.
