1799 3251
363 276 448 330 ¹40
777 286 812 317 s.
855 287 1101 318 Aueusnm
1137 287 1341 319 Episcom

358 371 426 399 me
443 353 620 417 quidem
648 351 814 412 longius
833 390 843 407 ‚
884 351 956 398 sed
983 352 1154 416 utrique
1181 364 1376 399 nostrum
1406 351 1730 417 quantumlibet

358 424 524 479 credas,
548 434 780 485 utrumque
796 422 858 467 illi
885 422 1145 468 excellentiae
1170 439 1447 486 nequaquam
1480 439 1723 485 comparas,

362 495 582 551 Quocirca
621 493 666 539 id
703 492 822 556 quod
857 493 1068 555 scriptum
1106 502 1195 548 est,
1237 514 1257 534 «
1286 494 1426 539 Deum
1450 509 1576 537 nemo
1613 491 1724 537 vidit

363 563 646 627 ›2unquan112
671 585 690 605 »
706 574 764 618 et,
783 585 801 604 «
821 564 981 608 Lucem
1009 563 1181 608 habitat
1206 562 1546 609 inaccessibilem
1562 598 1572 618 ‚
1601 578 1732 624 quem

364 658 382 675 υ
405 652 530 681 nemo
554 634 785 680 hominum
809 633 935 687 vidit,
961 651 1038 679 nee
1055 633 1200 678 videre
1220 634 1391 696 potest2
1411 649 1420 675 ε
1446 655 1466 674 n
1489 643 1546 688 ct,
1571 632 1730 677 «Beati

364 730 384 749 »
413 706 575 752 mundo
614 705 744 751 corde
764 743 773 759 ‚
811 705 1022 768 quoniam
1064 705 1141 767 ipsi
1178 706 1316 750 Deum
1351 704 1627 750 videbu11t32
1654 725 1672 744 n
1694 712 1736 747 et

362 776 575 840 quidquid
605 776 721 821 aliud
751 794 796 820 ex
818 775 900 820 illis
926 774 1069 819 Libris
1093 775 1251 819 sanctis
1272 773 1630 827 commemoravi,
1658 774 1737 817 fir-

367 848 474 892 nlius
496 847 633 892 credit
655 863 785 910 quam
802 846 844 891 id
865 845 984 909 quod
1004 845 1109 890 dixit
1132 845 1407 898 Ambrosius,
1436 845 1552 906 [Nec
1574 844 1616 888 in
1639 843 1737 888 loco

364 921 481 961 Deus
516 916 710 971 videtur,
754 933 830 960 ncc
873 915 1180 978 corporalibus
1218 914 1354 959 oculis
1379 914 1619 977 quaeritur,
1660 929 1739 958 nec

365 987 742 1032 circumscribitur
767 986 858 1030 visu
883 1023 893 1039 ,
937 1002 1014 1030 nec
1052 995 1170 1030 tactu
1212 995 1404 1039 tenetur,
1446 1001 1526 1029 nec
1565 982 1740 1029 auditur

367 1059 496 1102 affatu
518 1094 527 1111 ‚
556 1074 634 1102 nec
659 1057 844 1102 sentitur
869 1056 1083 1116 incessu.]
1115 1055 1263 1100 Valcm
1285 1056 1452 1118 quippe
1475 1071 1560 1099 esse
1583 1052 1649 1098 vel
1668 1054 1740 1098 in-

371 1129 527 1174 tellexit
550 1129 615 1174 vel
642 1128 827 1174 credidit
854 1130 991 1173 Deum
1016 1165 1026 1184 ,
1053 1128 1127 1190 qui
1162 1127 1328 1172 mundo
1358 1127 1488 1173 corde
1516 1126 1740 1188 conspici-

369 1211 438 1246 tur
461 1219 470 1245 ε
505 1200 621 1245 hanc
645 1210 785 1244 aulem
817 1199 944 1244 etiam
963 1216 1102 1243 meam
1124 1198 1379 1243 sententiam
1399 1214 1483 1242 esse
1507 1197 1735 1242 confiteor.

431 1273 523 1317 JxL.
559 1269 695 1315 Aliter
715 1286 815 1329 ergo
841 1269 920 1314 ista
940 1305 949 1322 ‚
981 1268 1105 1313 aliter
1137 1266 1209 1312 illa
1239 1267 1388 1312 divina
1420 1267 1551 1312 verba
1589 1266 1633 1311 in
1656 1265 1743 1311 fide

368 1342 537 1404 recipis.
572 1342 634 1385 De
657 1340 783 1385 nobis
809 1339 920 1384 enim
954 1338 1033 1383 tibi
1065 1338 1211 1382 subest
1238 1337 1414 1382 fortasse
1438 1336 1594 1399 aliquis
1617 1352 1742 1381 scru-

370 1412 525 1473 pulus.
561 1428 612 1455 ne
641 1410 684 1455 in
710 1410 778 1455 his
803 1409 962 1455 divinis
985 1408 1166 1471 eloquiis
1193 1407 1357 1470 aliquid
1392 1407 1533 1451 minus
1552 1405 1745 1451 dilucide

369 1482 674 1541 intelligamus,
697 1491 737 1525 et
768 1498 853 1525 non
880 1480 992 1524 sicut
1015 1478 1130 1523 (licta
1162 1488 1278 1526 sunt,
1317 1477 1388 1522 scd
1411 1477 1523 1522 sicut
1548 1477 1744 1540 suspica-

371 1569 466 1597 mur
486 1588 495 1603 ,
529 1560 799 1613 exponantur
825 1568 845 1594 a
878 1549 1016 1594 nobis.
1046 1550 1171 1592 Forte
1201 1547 1313 1591 onim
1340 1547 1448 1591 dicis
1474 1546 1591 1609 apud
1613 1557 1650 1591 te
1675 1547 1746 1609 ip·

370 1641 462 1668 sum
487 1640 496 1667 ε
530 1621 648 1677 Quid
674 1621 706 1665 si
732 1631 773 1666 et
801 1620 963 1666 mundo
986 1619 1115 1664 eorde
1137 1619 1308 1663 videtur
1331 1618 1471 1672 Deus,
1500 1627 1539 1661 ct
1572 1618 1614 1662 in
1649 1617 1745 1662 loco

373 1704 511 1738 lamen
540 1692 740 1737 xidetur‘.)
784 1703 886 1742 aut,
913 1689 1031 1746 Quid
1060 1690 1091 1734 si
1124 1688 1260 1734 oculis
1284 1688 1409 1732 etiam
1442 1686 1747 1750 corporalibus

375 1767 510 1809 Deum
539 1763 773 1816 videbunt,
802 1762 877 1825 qui
900 1760 1064 1806 mundo
1083 1770 1182 1805 sunt
1208 1758 1337 1804 corde
1357 1795 1367 1813 ‚
1395 1775 1494 1803 cum
1519 1758 1745 1821 corrupti-

371 1835 458 1878 bile
474 1834 556 1878 hoc
572 1832 762 1877 induerit
781 1830 1175 1893 incorruptionem,
1196 1827 1373 1891 quando
1384 1827 1544 1872 erimus
1560 1827 1747 1889 aequales

377 1902 546 1962 Angelis
573 1902 682 1947 Dei?
720 1902 943 1957 Quantum
980 1917 1079 1959 ergo
1118 1900 1242 1944 nobis
1272 1897 1445 1943 credere
1468 1897 1651 1951 debeas,
1682 1896 1747 1942 vel

376 1992 459 2018 non
476 1973 648 2018 debeas.
674 1971 863 2016 fortassis
886 1970 1055 2030 ignoras
1074 1990 1084 2021 ;
1114 1969 1235 2014 etvel
1251 1968 1350 2031 plus
1368 1968 1435 2013 vel
1456 1969 1597 2013 minus
1614 1983 1748 2030 qnam

373 2044 505 2088 debes
527 2042 653 2087 nobis
674 2041 908 2096 credendo?
940 2058 990 2085 ne
1008 2040 1167 2085 fallaris
1187 2038 1370 2084 attendis
1391 2056 1400 2082 :
1426 2037 1584 2082 divinis
1605 2047 1747 2082 autem

376 2112 630 2175 &rriptnris9
654 2111 779 2156 eiiam
809 2110 1000 2155 nondum
1031 2109 1260 2172 perspicue
1285 2107 1512 2153 intellectis
1532 2144 1541 2163 ,
1565 2107 1749 2152 creden-

375 2184 477 2228 dum
504 2199 589 2227 esse
619 2198 703 2226 non
738 2181 924 2225 dubitas.
969 2179 1051 2224 Sed
1077 2178 1192 2223 hanc
1220 2177 1608 2223 considerationem
1652 2194 1750 2222 cre-

375 2251 504 2297 dendi
533 2251 594 2296 vol
619 2268 705 2296 non
723 2242 957 2300 credendi(
974 2259 1014 2294 et
1037 2248 1338 2294 difficultatem
1358 2248 1568 2302 seientia),
1591 2257 1634 2293 et
1656 2246 1745 2292 du-

379 2321 600 2367 bitationis
637 2331 764 2365 aestus
788 2357 798 2373 ,
829 2330 870 2365 tt
905 2318 1021 2381 piam
1059 2317 1188 2363 fidem
1230 2334 1330 2380 quae
1365 2317 1523 2363 divinis
1566 2316 1751 2362 debetur

379 2392 608 2444 affatibns‚
634 2391 677 2436 in
705 2401 777 2435 tua
800 2401 966 2445 mente,
1000 2388 1059 2434 ita
1080 2398 1128 2433 ut
1157 2399 1258 2432 sunt
1280 2424 1289 2443 ,
1315 2386 1498 2434 attendis
1528 2397 1569 2432 et
1589 2386 1708 2432 vides
1734 2402 1746 2430 z

375 2481 452 2509 nec
478 2462 530 2507 de
556 2462 622 2506 his
655 2464 836 2506 omnino
871 2458 989 2523 quod
1024 2458 1142 2521 apud
1178 2468 1218 2503 te
1254 2458 1313 2503 ita
1348 2458 1459 2513 sint,
1487 2457 1574 2502 sive
1602 2467 1650 2502 ut
1673 2473 1750 2516 ego

377 2533 480 2589 dixi,
504 2533 590 2577 sive
612 2542 658 2577 ut
683 2532 775 2595 ipsa
796 2530 941 2594 potius
956 2529 1084 2585 nosti,
1111 2527 1275 2591 aliquid
1298 2527 1496 2589 ambigis.
1519 2526 1647 2573 Vides
1665 2526 1750 2573 ita!

424 2618 531 2648 {Joau
564 2626 589 2657 ι,
609 2612 750 2648 18.--‘—'
771 2624 782 2644 1
804 2613 1016 2651 Tim.v1‚16.
1037 2629 1078 2637 —-
1093 2608 1108 2633 3
1128 2609 1245 2653 Mffllhe
1268 2620 1296 2649 v,
1317 2611 1348 2644 8.
