<?xml version="1.0" encoding="UTF-8"?>
<!DOCTYPE html PUBLIC "-//W3C//DTD XHTML 1.0 Transitional//EN"
    "http://www.w3.org/TR/xhtml1/DTD/xhtml1-transitional.dtd">
<html xmlns="http://www.w3.org/1999/xhtml" xml:lang="en" lang="en">
 <head>
  <title>
</title>
<meta http-equiv="Content-Type" content="text/html;charset=utf-8" />
  <meta name='ocr-system' content='tesseract 3.04.00' />
  <meta name='ocr-capabilities' content='ocr_page ocr_carea ocr_par ocr_line ocrx_word'/>
</head>
<body>
  <div class='ocr_page' id='page_1' title='image "./operaomniaaccura40auguuoft/operaomniaaccura40auguuoft_0117.png"; bbox 0 0 1799 3251; ppageno 0'>
   <div class='ocr_carea' id='block_1_1' title="bbox 561 310 1438 363">
    <p class='ocr_par' dir='ltr' id='par_1_1' title="bbox 561 310 1438 363">
     <span class='ocr_line' id='line_1_1' title="bbox 561 310 1438 363; baseline 0 -16"><span class='ocrx_word' id='word_1_1' title='bbox 561 310 775 348; x_wconf 77' lang='lat' dir='ltr'>EPISTOLA</span> <span class='ocrx_word' id='word_1_2' title='bbox 812 317 937 347; x_wconf 72' lang='lat' dir='ltr'>cxtv.</span> <span class='ocrx_word' id='word_1_3' title='bbox 1353 310 1438 363; x_wconf 75' lang='lat'>107</span> 
     </span>
    </p>
   </div>
   <div class='ocr_carea' id='block_1_2' title="bbox 7 369 1458 1782">
    <p class='ocr_par' dir='ltr' id='par_1_2' title="bbox 7 369 1458 1782">
     <span class='ocr_line' id='line_1_2' title="bbox 63 369 1439 448; baseline -0.004 -18"><span class='ocrx_word' id='word_1_4' title='bbox 63 383 275 448; x_wconf 86' lang='lat' dir='ltr'>quosdam</span> <span class='ocrx_word' id='word_1_5' title='bbox 287 420 298 440; x_wconf 89' lang='lat'><strong>,</strong></span> <span class='ocrx_word' id='word_1_6' title='bbox 313 382 390 446; x_wconf 90' lang='lat' dir='ltr'>qui</span> <span class='ocrx_word' id='word_1_7' title='bbox 402 381 586 427; x_wconf 90' lang='lat' dir='ltr'>nimium</span> <span class='ocrx_word' id='word_1_8' title='bbox 604 391 805 440; x_wconf 84' lang='lat' dir='ltr'>arrogant</span> <span class='ocrx_word' id='word_1_9' title='bbox 823 380 1030 426; x_wconf 81' lang='lat' dir='ltr'>humanae</span> <span class='ocrx_word' id='word_1_10' title='bbox 1048 379 1263 426; x_wconf 88' lang='lat' dir='ltr'>voluntati</span> <span class='ocrx_word' id='word_1_11' title='bbox 1280 369 1439 442; x_wconf 36' lang='lat' dir='ltr'>{quam</span> 
     </span>
     <span class='ocr_line' id='line_1_3' title="bbox 65 448 1442 516; baseline -0.004 -16"><span class='ocrx_word' id='word_1_12' title='bbox 65 457 176 513; x_wconf 84' lang='lat' dir='ltr'><strong>Lege</strong></span> <span class='ocrx_word' id='word_1_13' title='bbox 197 453 296 499; x_wconf 82' lang='lat' dir='ltr'>data</span> <span class='ocrx_word' id='word_1_14' title='bbox 319 462 491 516; x_wconf 79' lang='lat' dir='ltr'>putant,</span> <span class='ocrx_word' id='word_1_15' title='bbox 515 451 569 496; x_wconf 83' lang='lat' dir='ltr'>ad</span> <span class='ocrx_word' id='word_1_16' title='bbox 595 468 687 496; x_wconf 85' lang='lat' dir='ltr'>eam</span> <span class='ocrx_word' id='word_1_17' title='bbox 701 450 969 512; x_wconf 82' lang='lat' dir='ltr'>implendam</span> <span class='ocrx_word' id='word_1_18' title='bbox 989 450 1090 506; x_wconf 82' lang='lat' dir='ltr'>sibi,</span> <span class='ocrx_word' id='word_1_19' title='bbox 1107 466 1230 513; x_wconf 88' lang='lat' dir='ltr'>posse</span> <span class='ocrx_word' id='word_1_20' title='bbox 1250 448 1442 495; x_wconf 86' lang='lat' dir='ltr'>sufficere</span> 
     </span>
     <span class='ocr_line' id='line_1_4' title="bbox 66 518 1439 587; baseline -0.004 -17"><span class='ocrx_word' id='word_1_21' title='bbox 66 524 184 571; x_wconf 87' lang='lat' dir='ltr'>nulla</span> <span class='ocrx_word' id='word_1_22' title='bbox 197 541 325 587; x_wconf 88' lang='lat' dir='ltr'>super</span> <span class='ocrx_word' id='word_1_23' title='bbox 334 522 576 568; x_wconf 83' lang='lat' dir='ltr'>doctrinam</span> <span class='ocrx_word' id='word_1_24' title='bbox 591 522 714 581; x_wconf 82' lang='lat' dir='ltr'><strong>Legis</strong></span> <span class='ocrx_word' id='word_1_25' title='bbox 726 521 862 580; x_wconf 86' lang='lat' dir='ltr'>gratia</span> <span class='ocrx_word' id='word_1_26' title='bbox 882 531 1042 566; x_wconf 85' lang='lat' dir='ltr'>sanctae</span> <span class='ocrx_word' id='word_1_27' title='bbox 1058 519 1354 583; x_wconf 82' lang='lat' dir='ltr'>inspirationis</span> <span class='ocrx_word' id='word_1_28' title='bbox 1365 518 1439 564; x_wconf 84' lang='lat' dir='ltr'>ad-</span> 
     </span>
     <span class='ocr_line' id='line_1_5' title="bbox 62 588 1446 656; baseline -0.004 -17"><span class='ocrx_word' id='word_1_29' title='bbox 62 599 201 654; x_wconf 84' lang='lat' dir='ltr'>jutam</span> <span class='ocrx_word' id='word_1_30' title='bbox 216 612 225 638; x_wconf 91' lang='lat'><strong>:</strong></span> <span class='ocrx_word' id='word_1_31' title='bbox 240 610 511 656; x_wconf 87' lang='lat' dir='ltr'>perquorum</span> <span class='ocrx_word' id='word_1_32' title='bbox 522 592 863 655; x_wconf 84' lang='lat' dir='ltr'>disputationem</span> <span class='ocrx_word' id='word_1_33' title='bbox 877 588 1446 636; x_wconf 83' lang='lat' dir='ltr'>infirmitatihominummi-</span> 
     </span>
     <span class='ocr_line' id='line_1_6' title="bbox 67 659 1443 727; baseline -0.004 -18"><span class='ocrx_word' id='word_1_34' title='bbox 67 681 169 710; x_wconf 83' lang='lat' dir='ltr'>serae</span> <span class='ocrx_word' id='word_1_35' title='bbox 185 676 313 727; x_wconf 79' lang='lat' dir='ltr'>atque</span> <span class='ocrx_word' id='word_1_36' title='bbox 337 662 498 722; x_wconf 69' lang='lat' dir='ltr'>indigae</span> <span class='ocrx_word' id='word_1_37' title='bbox 515 662 733 717; x_wconf 78' lang='lat' dir='ltr'><strong>suadetur,</strong></span> <span class='ocrx_word' id='word_1_38' title='bbox 764 673 809 707; x_wconf 91' lang='lat' dir='ltr'>ut</span> <span class='ocrx_word' id='word_1_39' title='bbox 837 679 916 707; x_wconf 85' lang='lat' dir='ltr'>nee</span> <span class='ocrx_word' id='word_1_40' title='bbox 930 679 1051 707; x_wconf 84' lang='lat' dir='ltr'>orare</span> <span class='ocrx_word' id='word_1_41' title='bbox 1065 661 1299 706; x_wconf 80' lang='lat' dir='ltr'>debeamus</span> <span class='ocrx_word' id='word_1_42' title='bbox 1317 677 1369 705; x_wconf 93' lang='lat' dir='ltr'>ne</span> <span class='ocrx_word' id='word_1_43' title='bbox 1384 659 1443 704; x_wconf 88' lang='lat' dir='ltr'>in·</span> 
     </span>
     <span class='ocr_line' id='line_1_7' title="bbox 7 729 1439 795; baseline -0.003 -16"><span class='ocrx_word' id='word_1_44' title='bbox 7 790 13 793; x_wconf 76' lang='lat'>‚</span> <span class='ocrx_word' id='word_1_45' title='bbox 70 745 227 779; x_wconf 86' lang='lat' dir='ltr'>tremus</span> <span class='ocrx_word' id='word_1_46' title='bbox 238 735 281 778; x_wconf 89' lang='lat' dir='ltr'>in</span> <span class='ocrx_word' id='word_1_47' title='bbox 295 733 587 779; x_wconf 76' lang='lat' dir='ltr'>tentationem.</span> <span class='ocrx_word' id='word_1_48' title='bbox 605 733 701 778; x_wconf 89' lang='lat' dir='ltr'>Non</span> <span class='ocrx_word' id='word_1_49' title='bbox 718 732 918 795; x_wconf 85' lang='lat' dir='ltr'>quiahoc</span> <span class='ocrx_word' id='word_1_50' title='bbox 933 731 1094 777; x_wconf 82' lang='lat' dir='ltr'>audent</span> <span class='ocrx_word' id='word_1_51' title='bbox 1108 740 1252 794; x_wconf 84' lang='lat' dir='ltr'>aperte</span> <span class='ocrx_word' id='word_1_52' title='bbox 1267 729 1410 775; x_wconf 86' lang='lat' dir='ltr'>dicere</span> <span class='ocrx_word' id='word_1_53' title='bbox 1428 748 1439 782; x_wconf 89' lang='grc'><strong>;</strong></span> 
     </span>
     <span class='ocr_line' id='line_1_8' title="bbox 69 800 1444 864; baseline -0.004 -14"><span class='ocrx_word' id='word_1_54' title='bbox 69 804 141 850; x_wconf 85' lang='lat' dir='ltr'>sed</span> <span class='ocrx_word' id='word_1_55' title='bbox 162 821 310 850; x_wconf 87' lang='lat' dir='ltr'>eorum</span> <span class='ocrx_word' id='word_1_56' title='bbox 329 803 582 850; x_wconf 81' lang='lat' dir='ltr'>sententiam</span> <span class='ocrx_word' id='word_1_57' title='bbox 605 837 616 859; x_wconf 92' lang='lat'><strong><em>‚</em></strong></span> <span class='ocrx_word' id='word_1_58' title='bbox 648 802 784 848; x_wconf 88' lang='lat' dir='ltr'>velint</span> <span class='ocrx_word' id='word_1_59' title='bbox 809 802 948 847; x_wconf 85' lang='lat' dir='ltr'>nolint</span> <span class='ocrx_word' id='word_1_60' title='bbox 972 838 982 858; x_wconf 90' lang='lat'>‚</span> <span class='ocrx_word' id='word_1_61' title='bbox 1003 802 1091 847; x_wconf 86' lang='lat' dir='ltr'>hoe</span> <span class='ocrx_word' id='word_1_62' title='bbox 1123 800 1273 864; x_wconf 89' lang='lat' dir='ltr'>utique</span> <span class='ocrx_word' id='word_1_63' title='bbox 1304 800 1444 862; x_wconf 86' lang='lat' dir='ltr'>sequi-</span> 
     </span>
     <span class='ocr_line' id='line_1_9' title="bbox 72 872 1443 938; baseline -0.004 -18"><span class='ocrx_word' id='word_1_64' title='bbox 72 886 155 922; x_wconf 83' lang='lat' dir='ltr'>tur.</span> <span class='ocrx_word' id='word_1_65' title='bbox 186 876 300 920; x_wconf 65' lang='lat' dir='ltr'>Nam</span> <span class='ocrx_word' id='word_1_66' title='bbox 330 874 507 938; x_wconf 87' lang='lat' dir='ltr'>utquid</span> <span class='ocrx_word' id='word_1_67' title='bbox 534 875 660 920; x_wconf 87' lang='lat' dir='ltr'>nobis</span> <span class='ocrx_word' id='word_1_68' title='bbox 687 873 847 919; x_wconf 85' lang='lat' dir='ltr'>dicitur</span> <span class='ocrx_word' id='word_1_69' title='bbox 871 890 881 918; x_wconf 79' lang='lat' dir='ltr'>z</span> <span class='ocrx_word' id='word_1_70' title='bbox 910 872 1133 932; x_wconf 83' lang='lat' dir='ltr'>«Vigilate</span> <span class='ocrx_word' id='word_1_71' title='bbox 1165 882 1206 917; x_wconf 90' lang='lat' dir='ltr'>et</span> <span class='ocrx_word' id='word_1_72' title='bbox 1236 881 1356 916; x_wconf 82' lang='lat' dir='ltr'>orate</span> <span class='ocrx_word' id='word_1_73' title='bbox 1391 887 1443 915; x_wconf 90' lang='lat' dir='ltr'>ne</span> 
     </span>
     <span class='ocr_line' id='line_1_10' title="bbox 71 940 1451 1006; baseline -0.003 -18"><span class='ocrx_word' id='word_1_74' title='bbox 71 968 90 988; x_wconf 82' lang='lat'>))</span> <span class='ocrx_word' id='word_1_75' title='bbox 111 945 278 991; x_wconf 84' lang='lat' dir='ltr'>intretis</span> <span class='ocrx_word' id='word_1_76' title='bbox 313 945 358 990; x_wconf 91' lang='lat' dir='ltr'>in</span> <span class='ocrx_word' id='word_1_77' title='bbox 399 943 740 991; x_wconf 57' lang='lat' dir='ltr'>tentationemst?</span> <span class='ocrx_word' id='word_1_78' title='bbox 760 966 780 985; x_wconf 82' lang='lat'>»</span> <span class='ocrx_word' id='word_1_79' title='bbox 815 944 873 988; x_wconf 79' lang='lat' dir='ltr'>Ut</span> <span class='ocrx_word' id='word_1_80' title='bbox 906 942 1014 1006; x_wconf 85' lang='lat' dir='ltr'>quid</span> <span class='ocrx_word' id='word_1_81' title='bbox 1052 942 1181 988; x_wconf 82' lang='lat' dir='ltr'>etiam</span> <span class='ocrx_word' id='word_1_82' title='bbox 1213 940 1451 987; x_wconf 86' lang='lat' dir='ltr'>secundum</span> 
     </span>
     <span class='ocr_line' id='line_1_11' title="bbox 72 1009 1453 1076; baseline -0.005 -15"><span class='ocrx_word' id='word_1_83' title='bbox 72 1016 189 1062; x_wconf 79' lang='lat' dir='ltr'>hanc</span> <span class='ocrx_word' id='word_1_84' title='bbox 206 1014 544 1060; x_wconf 77' lang='lat' dir='ltr'>exhortationem</span> <span class='ocrx_word' id='word_1_85' title='bbox 560 1051 569 1069; x_wconf 91' lang='lat'>‚</span> <span class='ocrx_word' id='word_1_86' title='bbox 591 1031 689 1059; x_wconf 88' lang='lat' dir='ltr'>eum</span> <span class='ocrx_word' id='word_1_87' title='bbox 713 1013 889 1059; x_wconf 84' lang='lat' dir='ltr'>doceret</span> <span class='ocrx_word' id='word_1_88' title='bbox 907 1030 1029 1058; x_wconf 78' lang='lat' dir='ltr'>orare</span> <span class='ocrx_word' id='word_1_89' title='bbox 1046 1049 1057 1069; x_wconf 85' lang='grc'>,</span> <span class='ocrx_word' id='word_1_90' title='bbox 1084 1011 1297 1076; x_wconf 80' lang='lat' dir='ltr'>praecepit</span> <span class='ocrx_word' id='word_1_91' title='bbox 1316 1020 1363 1056; x_wconf 90' lang='lat' dir='ltr'>ut</span> <span class='ocrx_word' id='word_1_92' title='bbox 1387 1009 1453 1054; x_wconf 90' lang='lat' dir='ltr'>di-</span> 
     </span>
     <span class='ocr_line' id='line_1_12' title="bbox 74 1081 1453 1131; baseline -0.005 0"><span class='ocrx_word' id='word_1_93' title='bbox 74 1101 221 1131; x_wconf 81' lang='lat' dir='ltr'>camus</span> <span class='ocrx_word' id='word_1_94' title='bbox 244 1102 254 1128; x_wconf 78' lang='lat' dir='ltr'><strong><em>z</em></strong></span> <span class='ocrx_word' id='word_1_95' title='bbox 279 1106 296 1124; x_wconf 86' lang='lat'>«</span> <span class='ocrx_word' id='word_1_96' title='bbox 322 1085 384 1130; x_wconf 77' lang='lat' dir='ltr'>Ne</span> <span class='ocrx_word' id='word_1_97' title='bbox 416 1102 494 1130; x_wconf 89' lang='lat' dir='ltr'>nos</span> <span class='ocrx_word' id='word_1_98' title='bbox 522 1084 678 1129; x_wconf 85' lang='lat' dir='ltr'>inferas</span> <span class='ocrx_word' id='word_1_99' title='bbox 706 1084 750 1128; x_wconf 92' lang='lat' dir='ltr'>in</span> <span class='ocrx_word' id='word_1_100' title='bbox 773 1083 1048 1128; x_wconf 84' lang='lat' dir='ltr'>tentationem</span> <span class='ocrx_word' id='word_1_101' title='bbox 1069 1082 1102 1128; x_wconf 79' lang='lat'>2.</span> <span class='ocrx_word' id='word_1_102' title='bbox 1125 1104 1144 1123; x_wconf 85' lang='lat'>))</span> <span class='ocrx_word' id='word_1_103' title='bbox 1171 1081 1216 1126; x_wconf 86' lang='lat' dir='ltr'>Si</span> <span class='ocrx_word' id='word_1_104' title='bbox 1243 1081 1330 1126; x_wconf 81' lang='grc'>1100</span> <span class='ocrx_word' id='word_1_105' title='bbox 1366 1096 1453 1125; x_wconf 90' lang='lat' dir='ltr'>non</span> 
     </span>
     <span class='ocr_line' id='line_1_13' title="bbox 81 1150 1454 1218; baseline -0.005 -17"><span class='ocrx_word' id='word_1_106' title='bbox 81 1154 288 1218; x_wconf 87' lang='lat' dir='ltr'>impletur</span> <span class='ocrx_word' id='word_1_107' title='bbox 312 1171 358 1200; x_wconf 83' lang='lat' dir='ltr'>ex</span> <span class='ocrx_word' id='word_1_108' title='bbox 377 1155 594 1216; x_wconf 83' lang='lat' dir='ltr'>adjutorio</span> <span class='ocrx_word' id='word_1_109' title='bbox 617 1154 766 1214; x_wconf 81' lang='lat' dir='ltr'>gratiae</span> <span class='ocrx_word' id='word_1_110' title='bbox 785 1153 946 1199; x_wconf 79' lang='lat' dir='ltr'>divinae</span> <span class='ocrx_word' id='word_1_111' title='bbox 962 1189 972 1207; x_wconf 85' lang='lat'>‚</span> <span class='ocrx_word' id='word_1_112' title='bbox 997 1152 1069 1198; x_wconf 88' lang='lat' dir='ltr'>sed</span> <span class='ocrx_word' id='word_1_113' title='bbox 1092 1152 1137 1198; x_wconf 92' lang='lat' dir='ltr'>id</span> <span class='ocrx_word' id='word_1_114' title='bbox 1162 1162 1301 1197; x_wconf 88' lang='lat' dir='ltr'>totum</span> <span class='ocrx_word' id='word_1_115' title='bbox 1329 1161 1388 1196; x_wconf 89' lang='lat' dir='ltr'>est</span> <span class='ocrx_word' id='word_1_116' title='bbox 1410 1150 1454 1195; x_wconf 89' lang='lat' dir='ltr'>in</span> 
     </span>
     <span class='ocr_line' id='line_1_14' title="bbox 83 1220 1458 1286; baseline -0.004 -16"><span class='ocrx_word' id='word_1_117' title='bbox 83 1225 265 1270; x_wconf 79' lang='lat' dir='ltr'>arbitrio</span> <span class='ocrx_word' id='word_1_118' title='bbox 284 1225 520 1270; x_wconf 80' lang='lat' dir='ltr'>voluntatis</span> <span class='ocrx_word' id='word_1_119' title='bbox 544 1225 782 1270; x_wconf 61' lang='lat' dir='ltr'>humanae?</span> <span class='ocrx_word' id='word_1_120' title='bbox 803 1223 922 1279; x_wconf 81' lang='lat' dir='ltr'>Quid</span> <span class='ocrx_word' id='word_1_121' title='bbox 946 1223 1104 1286; x_wconf 68' lang='lat' dir='ltr'>plura?</span> <span class='ocrx_word' id='word_1_122' title='bbox 1135 1221 1283 1267; x_wconf 81' lang='lat' dir='ltr'>Saluta</span> <span class='ocrx_word' id='word_1_123' title='bbox 1305 1220 1458 1266; x_wconf 82' lang='lat' dir='ltr'>fratres</span> 
     </span>
     <span class='ocr_line' id='line_1_15' title="bbox 76 1292 1455 1359; baseline -0.004 -19"><span class='ocrx_word' id='word_1_124' title='bbox 76 1295 153 1359; x_wconf 86' lang='lat' dir='ltr'>qui</span> <span class='ocrx_word' id='word_1_125' title='bbox 174 1305 313 1340; x_wconf 83' lang='lat' dir='ltr'>tecum</span> <span class='ocrx_word' id='word_1_126' title='bbox 334 1306 434 1340; x_wconf 69' lang='lat' dir='ltr'>sunt</span> <span class='ocrx_word' id='word_1_127' title='bbox 449 1333 458 1351; x_wconf 85' lang='lat'>,</span> <span class='ocrx_word' id='word_1_128' title='bbox 482 1306 522 1341; x_wconf 86' lang='lat' dir='ltr'>et</span> <span class='ocrx_word' id='word_1_129' title='bbox 548 1306 666 1340; x_wconf 79' lang='lat' dir='ltr'>orate</span> <span class='ocrx_word' id='word_1_130' title='bbox 682 1312 763 1357; x_wconf 82' lang='lat' dir='ltr'>pro</span> <span class='ocrx_word' id='word_1_131' title='bbox 786 1293 912 1339; x_wconf 81' lang='lat' dir='ltr'>nobis</span> <span class='ocrx_word' id='word_1_132' title='bbox 928 1331 938 1349; x_wconf 78' lang='grc'>,</span> <span class='ocrx_word' id='word_1_133' title='bbox 959 1304 1005 1339; x_wconf 93' lang='lat' dir='ltr'>ut</span> <span class='ocrx_word' id='word_1_134' title='bbox 1030 1292 1135 1338; x_wconf 75' lang='lat' dir='ltr'>salvi</span> <span class='ocrx_word' id='word_1_135' title='bbox 1155 1292 1287 1338; x_wconf 90' lang='lat' dir='ltr'>simus</span> <span class='ocrx_word' id='word_1_136' title='bbox 1306 1307 1455 1336; x_wconf 85' lang='lat' dir='ltr'>secun-</span> 
     </span>
     <span class='ocr_line' id='line_1_16' title="bbox 78 1360 1458 1428; baseline -0.004 -18"><span class='ocrx_word' id='word_1_137' title='bbox 78 1365 184 1411; x_wconf 88' lang='lat' dir='ltr'>dum</span> <span class='ocrx_word' id='word_1_138' title='bbox 209 1364 327 1410; x_wconf 79' lang='lat' dir='ltr'>illam</span> <span class='ocrx_word' id='word_1_139' title='bbox 347 1366 526 1411; x_wconf 88' lang='lat' dir='ltr'>salutem</span> <span class='ocrx_word' id='word_1_140' title='bbox 545 1403 555 1422; x_wconf 79' lang='lat'>,</span> <span class='ocrx_word' id='word_1_141' title='bbox 580 1365 632 1411; x_wconf 91' lang='lat' dir='ltr'>de</span> <span class='ocrx_word' id='word_1_142' title='bbox 657 1382 743 1428; x_wconf 85' lang='lat' dir='ltr'>qua</span> <span class='ocrx_word' id='word_1_143' title='bbox 758 1364 919 1409; x_wconf 80' lang='lat' dir='ltr'>dicitur</span> <span class='ocrx_word' id='word_1_144' title='bbox 942 1381 952 1409; x_wconf 71' lang='grc' dir='ltr'>ε</span> <span class='ocrx_word' id='word_1_145' title='bbox 975 1386 991 1403; x_wconf 87' lang='lat'>«</span> <span class='ocrx_word' id='word_1_146' title='bbox 1021 1365 1118 1409; x_wconf 75' lang='lat' dir='ltr'>Non</span> <span class='ocrx_word' id='word_1_147' title='bbox 1137 1372 1197 1408; x_wconf 90' lang='lat' dir='ltr'>est</span> <span class='ocrx_word' id='word_1_148' title='bbox 1218 1378 1327 1425; x_wconf 86' lang='lat' dir='ltr'>opus</span> <span class='ocrx_word' id='word_1_149' title='bbox 1346 1360 1458 1406; x_wconf 80' lang='lat' dir='ltr'>sanis</span> 
     </span>
     <span class='ocr_line' id='line_1_17' title="bbox 77 1433 1453 1491; baseline -0.005 -10"><span class='ocrx_word' id='word_1_150' title='bbox 77 1436 100 1477; x_wconf 69' lang='grc' dir='ltr'>ὐ</span> <span class='ocrx_word' id='word_1_151' title='bbox 125 1435 338 1491; x_wconf 72' lang='lat' dir='ltr'>medicus,</span> <span class='ocrx_word' id='word_1_152' title='bbox 358 1435 429 1481; x_wconf 87' lang='lat' dir='ltr'>sed</span> <span class='ocrx_word' id='word_1_153' title='bbox 452 1435 561 1481; x_wconf 81' lang='lat' dir='ltr'>male</span> <span class='ocrx_word' id='word_1_154' title='bbox 584 1434 864 1482; x_wconf 83' lang='lat' dir='ltr'>habentibus.</span> <span class='ocrx_word' id='word_1_155' title='bbox 893 1434 992 1478; x_wconf 81' lang='lat' dir='ltr'>Non</span> <span class='ocrx_word' id='word_1_156' title='bbox 1007 1433 1105 1479; x_wconf 89' lang='lat' dir='ltr'>veni</span> <span class='ocrx_word' id='word_1_157' title='bbox 1121 1448 1274 1479; x_wconf 85' lang='lat' dir='ltr'>vocare</span> <span class='ocrx_word' id='word_1_158' title='bbox 1298 1434 1453 1490; x_wconf 74' lang='lat' dir='ltr'>justos,</span> 
     </span>
     <span class='ocr_line' id='line_1_18' title="bbox 84 1500 1456 1569; baseline -0.005 -18"><span class='ocrx_word' id='word_1_159' title='bbox 84 1528 103 1549; x_wconf 71' lang='lat' dir='ltr'>n</span> <span class='ocrx_word' id='word_1_160' title='bbox 128 1505 198 1551; x_wconf 86' lang='lat' dir='ltr'>sed</span> <span class='ocrx_word' id='word_1_161' title='bbox 222 1515 468 1569; x_wconf 83' lang='lat' dir='ltr'>peccatores</span> <span class='ocrx_word' id='word_1_162' title='bbox 484 1506 516 1552; x_wconf 71' lang='lat'>²⁹³.</span> <span class='ocrx_word' id='word_1_163' title='bbox 545 1528 564 1547; x_wconf 82' lang='grc'>»</span> <span class='ocrx_word' id='word_1_164' title='bbox 588 1506 721 1552; x_wconf 87' lang='lat' dir='ltr'>Orate</span> <span class='ocrx_word' id='word_1_165' title='bbox 740 1521 838 1564; x_wconf 84' lang='lat' dir='ltr'>ergo</span> <span class='ocrx_word' id='word_1_166' title='bbox 855 1521 936 1568; x_wconf 88' lang='lat' dir='ltr'>pro</span> <span class='ocrx_word' id='word_1_167' title='bbox 952 1503 1096 1558; x_wconf 83' lang='lat' dir='ltr'>nobis,</span> <span class='ocrx_word' id='word_1_168' title='bbox 1117 1500 1456 1562; x_wconf 69' lang='lat' dir='ltr'>utjustisimns5</span> 
     </span>
     <span class='ocr_line' id='line_1_19' title="bbox 82 1571 1457 1641; baseline -0.007 -18"><span class='ocrx_word' id='word_1_169' title='bbox 82 1576 200 1641; x_wconf 85' lang='lat' dir='ltr'>quod</span> <span class='ocrx_word' id='word_1_170' title='bbox 227 1575 400 1640; x_wconf 83' lang='lat' dir='ltr'>quidem</span> <span class='ocrx_word' id='word_1_171' title='bbox 427 1576 561 1622; x_wconf 89' lang='lat' dir='ltr'>homo</span> <span class='ocrx_word' id='word_1_172' title='bbox 585 1593 673 1621; x_wconf 89' lang='lat' dir='ltr'>non</span> <span class='ocrx_word' id='word_1_173' title='bbox 690 1585 830 1639; x_wconf 88' lang='lat' dir='ltr'>potest</span> <span class='ocrx_word' id='word_1_174' title='bbox 856 1574 933 1620; x_wconf 85' lang='lat' dir='ltr'>nisi</span> <span class='ocrx_word' id='word_1_175' title='bbox 961 1574 1130 1619; x_wconf 88' lang='lat' dir='ltr'>noritet</span> <span class='ocrx_word' id='word_1_176' title='bbox 1150 1572 1253 1618; x_wconf 83' lang='lat' dir='ltr'>velit</span> <span class='ocrx_word' id='word_1_177' title='bbox 1271 1608 1282 1626; x_wconf 83' lang='lat'>‚</span> <span class='ocrx_word' id='word_1_178' title='bbox 1316 1581 1357 1616; x_wconf 87' lang='lat' dir='ltr'>et</span> <span class='ocrx_word' id='word_1_179' title='bbox 1377 1571 1457 1615; x_wconf 88' lang='lat' dir='ltr'>erit</span> 
     </span>
     <span class='ocr_line' id='line_1_20' title="bbox 82 1642 1454 1711; baseline -0.006 -18"><span class='ocrx_word' id='word_1_180' title='bbox 82 1648 292 1693; x_wconf 81' lang='lat' dir='ltr'>‘continuo</span> <span class='ocrx_word' id='word_1_181' title='bbox 315 1648 390 1711; x_wconf 80' lang='lat' dir='ltr'>qui</span> <span class='ocrx_word' id='word_1_182' title='bbox 417 1647 541 1711; x_wconf 85' lang='lat' dir='ltr'>plane</span> <span class='ocrx_word' id='word_1_183' title='bbox 572 1646 757 1693; x_wconf 77' lang='lat' dir='ltr'>voluerit</span> <span class='ocrx_word' id='word_1_184' title='bbox 787 1664 797 1691; x_wconf 73' lang='grc' dir='ltr'>ε</span> <span class='ocrx_word' id='word_1_185' title='bbox 829 1645 902 1691; x_wconf 87' lang='lat' dir='ltr'>sed</span> <span class='ocrx_word' id='word_1_186' title='bbox 927 1645 1010 1691; x_wconf 87' lang='lat' dir='ltr'>hoe</span> <span class='ocrx_word' id='word_1_187' title='bbox 1046 1645 1189 1708; x_wconf 88' lang='lat' dir='ltr'>ipsum</span> <span class='ocrx_word' id='word_1_188' title='bbox 1218 1642 1262 1688; x_wconf 91' lang='lat' dir='ltr'>in</span> <span class='ocrx_word' id='word_1_189' title='bbox 1297 1659 1345 1687; x_wconf 90' lang='lat' dir='ltr'>eo</span> <span class='ocrx_word' id='word_1_190' title='bbox 1370 1657 1454 1686; x_wconf 90' lang='lat' dir='ltr'>non</span> 
     </span>
     <span class='ocr_line' id='line_1_21' title="bbox 86 1711 1451 1782; baseline -0.006 -18"><span class='ocrx_word' id='word_1_191' title='bbox 86 1717 188 1775; x_wconf 80' lang='lat' dir='ltr'>erit,</span> <span class='ocrx_word' id='word_1_192' title='bbox 212 1718 289 1763; x_wconf 88' lang='lat' dir='ltr'>nisi</span> <span class='ocrx_word' id='word_1_193' title='bbox 310 1719 443 1778; x_wconf 82' lang='lat' dir='ltr'>gratia</span> <span class='ocrx_word' id='word_1_194' title='bbox 472 1718 660 1782; x_wconf 86' lang='lat' dir='ltr'>Spiritus</span> <span class='ocrx_word' id='word_1_195' title='bbox 684 1728 873 1772; x_wconf 87' lang='lat' dir='ltr'>sanetur,</span> <span class='ocrx_word' id='word_1_196' title='bbox 895 1726 936 1761; x_wconf 88' lang='lat' dir='ltr'>et</span> <span class='ocrx_word' id='word_1_197' title='bbox 961 1714 1209 1775; x_wconf 79' lang='lat' dir='ltr'>adjuvetur,</span> <span class='ocrx_word' id='word_1_198' title='bbox 1238 1722 1286 1759; x_wconf 91' lang='lat' dir='ltr'>ut</span> <span class='ocrx_word' id='word_1_199' title='bbox 1303 1711 1451 1776; x_wconf 85' lang='lat' dir='ltr'>possit.</span> 
     </span>
    </p>
   </div>
   <div class='ocr_carea' id='block_1_3' title="bbox 137 1814 1086 1857">
    <p class='ocr_par' dir='ltr' id='par_1_3' title="bbox 137 1814 1086 1857">
     <span class='ocr_line' id='line_1_22' title="bbox 137 1814 1086 1857; baseline -0.001 -10"><span class='ocrx_word' id='word_1_200' title='bbox 137 1816 288 1851; x_wconf 41' lang='lat' dir='ltr'>lManh:</span> <span class='ocrx_word' id='word_1_201' title='bbox 310 1828 406 1855; x_wconf 78' lang='lat' dir='ltr'>xxvi,</span> <span class='ocrx_word' id='word_1_202' title='bbox 429 1825 484 1856; x_wconf 60' lang='lat'>[01.</span> <span class='ocrx_word' id='word_1_203' title='bbox 502 1837 543 1841; x_wconf 94' lang='lat'>--</span> <span class='ocrx_word' id='word_1_204' title='bbox 561 1817 700 1857; x_wconf 66' lang='grc' dir='ltr'>2Ι(1,νι,</span> <span class='ocrx_word' id='word_1_205' title='bbox 724 1819 777 1852; x_wconf 85' lang='lat'>13.</span> <span class='ocrx_word' id='word_1_206' title='bbox 800 1835 844 1842; x_wconf 93' lang='lat'>—</span> <span class='ocrx_word' id='word_1_207' title='bbox 863 1814 877 1839; x_wconf 81' lang='lat'>3</span> <span class='ocrx_word' id='word_1_208' title='bbox 894 1816 941 1850; x_wconf 89' lang='lat' dir='ltr'>Id.</span> <span class='ocrx_word' id='word_1_209' title='bbox 960 1827 1010 1853; x_wconf 78' lang='lat' dir='ltr'>xx,</span> <span class='ocrx_word' id='word_1_210' title='bbox 1035 1827 1086 1848; x_wconf 83' lang='lat'>12.</span> 
     </span>
    </p>
   </div>
  </div>
 </body>
</html>
