1799 3251
347 284 407 338 ,44
764 294 797 322 5.
842 292 1083 324 Aceesrffil
1120 293 1320 322 EPISCoPl

346 361 540 424 quinque
564 370 604 405 et
621 359 812 423 quinque
835 357 1090 416 virginibus.
1129 357 1261 413 Quod
1292 373 1391 417 ergo
1415 356 1522 402 dixit
1547 373 1678 420 supra
1697 393 1708 411 ‚

349 453 370 472 α
389 431 645 478 Universum
668 446 806 475 semen
824 427 982 483 Jacob,
1002 449 1021 468 ›>
1033 427 1108 473 hie
1124 439 1431 491 consequenter
1448 429 1523 483 ait,
1535 449 1555 468 «
1573 428 1714 473 Omne

352 524 371 543 >2
389 519 531 547 semen
550 500 699 547 Israel.
726 521 746 541 »
771 498 854 544 Sed
873 515 1006 561 quare
1023 498 1236 561 superius,
1255 520 1274 539 τ(
1291 498 1563 558 Magnificate
1579 514 1677 543 eum
1694 519 1714 538 »

351 582 392 617 et
410 571 637 635 posterius,
660 591 679 610 «
691 569 859 615 Timent
877 585 990 614 eum.
1011 589 1031 609 »
1049 568 1341 628 Magnificatio
1358 568 1478 613 laudi
1495 567 1714 628 congruit3

352 642 404 687 de
419 658 506 705 qua
529 640 692 687 dixerat
712 658 722 685 :
744 661 764 680 «
785 639 872 695 Qui
893 639 1050 684 timetis
1070 639 1304 684 Dominum
1320 675 1330 693 ‚
1351 638 1524 684 laudate
1547 655 1646 683 eum
1664 655 1675 682 ι
1697 660 1717 680 »

351 710 467 756 unde
486 714 576 770 jam
610 710 746 756 multa
778 708 971 754 disserui.
1004 708 1073 754 Ibi
1105 708 1269 771 quippe
1301 725 1421 753 amor
1442 707 1510 753 vel
1530 707 1720 753 charitas

354 781 434 826 Dei
466 797 566 844 quae
593 779 782 843 perfecta
809 779 922 824 foras
951 778 1084 823 mittit
1106 779 1305 823 timorem
1321 777 1354 824 1.
1390 781 1481 823 Cur
1513 795 1612 837 ergo
1636 777 1720 824 ite-

355 866 451 896 rum
467 887 477 906 ‚
501 872 521 892 (ι
541 851 711 896 Timeat
739 866 839 895 eum
878 865 1006 894 omne
1034 865 1175 894 semen
1198 847 1364 893 lsrael?
1386 849 1482 893 Non
1509 849 1622 893 enim
1645 864 1721 893 ac—

355 941 376 961 »
395 921 565 983 cepistis
580 958 589 976 ,
608 920 753 983 inquit
773 919 1005 982 Apostolus
1021 956 1031 974 ‚
1051 919 1253 982 spiritum
1273 918 1487 964 servitutis
1504 919 1658 964 iterum
1677 918 1723 963 in

357 1011 378 1031 >>
397 990 548 1036 timore
564 990 597 1036 2.
626 1011 645 1031 n
673 989 757 1035 Sed
788 989 903 1034 idem
936 988 1170 1051 Apostolus
1196 988 1375 1034 oleastro
1399 989 1559 1034 inserto
1580 988 1623 1033 in
1647 987 1734 1033 oli-

355 1076 455 1106 vam
473 1061 669 1106 timorem
693 1060 894 1123 praecipit
912 1060 949 1113 3,
973 1059 1059 1104 hoe
1077 1070 1138 1104 est
1158 1097 1164 1113 ‚
1189 1059 1388 1119 gentibus
1410 1058 1568 1104 additis
1597 1057 1733 1103 radici

358 1130 581 1176 Abrabam
597 1166 608 1186 ,
634 1132 775 1185 Isaac,
800 1129 939 1175 Jacob
958 1167 967 1184 ,
993 1140 1040 1175 ut
1065 1140 1106 1174 et
1129 1129 1219 1192 ipse
1239 1130 1390 1175 fierent
1412 1128 1566 1184 Israel,
1592 1128 1638 1173 id
1654 1137 1731 1185 est,

356 1201 619 1264 pertinerent
638 1201 691 1246 ad
715 1217 856 1246 semen
883 1200 1091 1247 Abrthae.

420 1271 471 1315 L.
511 1270 652 1326 Quam
674 1270 946 1315 insertionem
969 1269 1143 1314 oleastri
1171 1273 1259 1329 J'am
1288 1270 1522 1333 amputatis
1550 1278 1731 1332 propter

358 1338 622 1384 infidelitatis
645 1340 893 1403 superbiam
912 1339 1184 1384 naturalibus
1206 1340 1358 1394 ramis,
1382 1341 1509 1385 etiam
1532 1339 1624 1402 ipse
1642 1340 1729 1384 Do-

357 1409 500 1454 minus
517 1409 562 1454 in
580 1409 811 1469 Evangelio
830 1409 1031 1472 praedixit
1049 1410 1274 1454 occasione
1300 1377 1412 1455 illius
1435 1413 1467 1454 C
1462 1409 1725 1465 enturionis,

360 1479 433 1541 qui
455 1479 501 1524 in
521 1496 617 1525 eum
640 1497 686 1525 ex
708 1478 908 1539 gentibus
926 1478 1127 1524 credidit.
1164 1480 1288 1523 Tunc
1306 1479 1419 1524 enim
1442 1479 1523 1524 ait:
1549 1500 1569 1520 «
1591 1446 1727 1524 Ameti

359 1570 378 1589 »
396 1548 496 1595 dico
517 1549 668 1602 vobis,
695 1567 780 1595 non
809 1550 953 1595 inveni
981 1560 1143 1594 tantam
1179 1549 1307 1594 fidem
1339 1550 1384 1594 in
1415 1549 1597 1596 lsrael4.
1626 1571 1645 1590 >2
1671 1552 1727 1594 Et

358 1619 582 1679 adjunxit,
608 1641 627 1662 «
651 1620 754 1666 Ideo
775 1621 874 1666 dieo
912 1620 1062 1675 vobis,
1098 1621 1199 1683 quia
1233 1621 1361 1665 multi
1388 1621 1444 1665 ab
1481 1620 1657 1666 Oriente
1686 1631 1727 1666 et

356 1711 376 1730 »
395 1690 634 1736 Occidente
653 1692 824 1737 venient
840 1728 850 1745 ‚
873 1702 913 1737 et
930 1692 1184 1736 recumbent
1199 1709 1297 1737 cum
1323 1692 1563 1748 Abraham,
1586 1693 1722 1748 Isaac,

357 1781 376 1800 ›>
394 1770 436 1805 et
456 1760 595 1806 Jacob
616 1761 660 1806 in
682 1778 812 1821 regno
833 1761 1045 1807 coelorum
1069 1779 1079 1806 t
1109 1761 1186 1806 filii
1215 1773 1354 1807 autem
1375 1764 1493 1822 regni
1524 1763 1648 1808 ibunt
1680 1763 1722 1808 in

358 1830 593 1875 »tenebras
633 1832 884 1885 exteriores3
911 1831 1002 1877 illic
1028 1832 1107 1876 erit
1139 1831 1327 1894 ploratio
1357 1843 1396 1878 et
1423 1832 1583 1878 stridor
1615 1833 1725 1879 den-

356 1920 376 1940 »
399 1899 535 1944 tium5
555 1917 565 1944 :
591 1922 609 1940 υ
634 1900 695 1945 1[3
715 1901 960 1960 significans
979 1901 1106 1946 inseri
1125 1901 1354 1947 oleastrum
1382 1913 1562 1966 propter
1580 1903 1726 1949 humi-

355 1969 541 2023 litatem,
562 1970 754 2031 (dixerat
775 1972 941 2035 quippe
959 1971 1029 2017 ille
1045 1973 1271 2028 Centurio,
1296 1974 1427 2018 «Non
1453 1990 1545 2018 sum
1568 1973 1725 2033 dignus

357 2059 378 2080 »
395 2050 443 2084 ut
473 2040 552 2084 sub
573 2050 736 2085 tectum
756 2058 896 2086 meum
922 2043 1052 2087 intres
1073 2079 1082 2095 ‚
1110 2042 1182 2086 sed
1213 2053 1378 2088 tantum
1405 2043 1475 2088 dic
1499 2043 1633 2089 verbo
1650 2081 1660 2090 .
1684 2055 1725 2089 et

358 2130 378 2149 »
394 2109 618 2155 sanabitur
646 2127 753 2172 puer
770 2112 918 2156 meus(3
939 2112 954 2173 )
977 2111 1315 2158 confractionem
1340 2124 1479 2158 autem
1503 2131 1722 2159 ramorum

357 2179 619 2224 naturalium
639 2191 817 2243 propter
837 2182 1083 2244 superbiam
1103 2219 1113 2236 ,
1136 2183 1299 2228 seilicet
1323 2201 1468 2230 eorum
1501 2185 1575 2247 qui
1599 2185 1722 2243 igno-

356 2259 496 2294 rantes
518 2249 595 2294 Dei
611 2252 851 2309 justitiam.
877 2264 918 2298 et
936 2270 1055 2297 suam
1082 2252 1270 2299 tolentes
1289 2255 1576 2302 constituere
1567 2256 1724 2314 justi-

358 2318 429 2364 tiae
467 2320 544 2364 Dei
571 2336 656 2364 non
681 2332 780 2366 sunt
808 2322 1035 2382 subjecti?
1071 2323 1161 2367 De
1151 2323 1200 2368 lis
1220 2325 1384 2387 quippe
1409 2342 1519 2370 vana
1540 2304 1723 2371 elatione

357 2389 622 2434 tumentibus
645 2389 811 2436 dietum
836 2405 927 2447 est,
960 2392 1078 2456 quod
1100 2392 1256 2438 ibunt
1246 2412 1289 2439 111
1315 2395 1511 2441 tenebras
1541 2396 1723 2441 exterio-

353 2474 416 2503 res
434 2494 445 2513 ,
466 2459 542 2521 qui
559 2462 768 2518 jactantes
786 2479 826 2507 se
849 2462 902 2507 de
928 2463 1084 2507 semine
1107 2463 1297 2510 Abraha-
1312 2502 1321 2519 ‚
1353 2482 1493 2510 semen
1526 2465 1721 2511 Abrahae

401 2558 411 2579 ¹
430 2572 441 2590 1
462 2562 556 2591 Joan.
573 2569 616 2602 lv,
637 2562 686 2595 18.
701 2580 740 2586 -
757 2561 875 2595 ²Rorn.
890 2576 966 2602 virt,
989 2563 1181 2600 15,—-31d,
1203 2578 1248 2606 xx,
1274 2566 1407 2607 17,—⁴
1433 2567 1639 2610 Mutant-111,
1669 2579 1717 2599 ιο.

351 2632 394 2640 --
411 2613 521 2648 ⁵1bid.
544 2626 597 2650 11.
619 2634 661 2641 -—
679 2614 694 2638 6
711 2618 792 2651 Ibid.
816 2620 845 2650 8.
868 2638 905 2643 -
926 2619 938 2641 7
956 2623 1048 2654 Rom.
1072 2633 1102 2659 x,
1126 2623 1156 2656 3.
