1799 3251
574 279 783 309 EPISTOLA
820 281 962 310 ctxvr.
1383 269 1477 316 335

172 343 290 391 XVI.
332 343 439 390 Haec
469 353 512 390 et
547 342 629 390 alia
663 360 762 407 quae
793 361 995 407 possum,
1022 346 1133 393 sicut
1151 364 1356 411 possum,
1380 350 1479 397 dico

108 413 311 461 adversus
326 430 397 459 eos
415 414 491 476 qui
509 414 624 459 hanc
652 414 903 476 opinionem
919 451 931 471 ,
955 432 1041 478 qua
1064 418 1302 464 creduntur
1325 421 1481 467 animae

107 484 219 530 sicut
256 483 331 529 illa
366 499 452 529 una
487 482 663 543 singulis
695 483 814 539 fieri,
848 483 1108 532 labefactare
1131 498 1356 536 conantur.
1392 490 1476 536 Sed

106 569 208 599 cum
239 552 295 598 ad
324 569 478 616 poenas
500 563 679 599 ventum
702 563 763 598 est
792 553 1098 615 parvulorum,
1136 559 1327 617 magnis,
1367 560 1477 605 mihi

106 622 258 679 crede,
286 633 484 669 coarctor
504 622 733 683 angustiis,
759 639 838 668 nec
869 623 978 686 quid
997 627 1279 688 respondeam
1304 646 1480 691 prorsus

105 692 279 741 invenio
313 711 324 738 :
352 710 441 739 non
470 693 610 739 solum
633 710 701 738 eas
738 709 893 756 poenas
924 693 1024 740 dico
1042 731 1052 751 ,
1080 712 1186 758 quas
1209 697 1345 743 habet
1378 711 1478 762 post

106 762 223 809 hanc
246 763 382 809 vitam
407 763 481 809 illa
506 763 754 818 damnatio,
778 780 867 826 quo
893 781 1059 810 necesse
1088 777 1147 811 est
1174 767 1419 824 trahantur,
1445 770 1479 816 si

106 831 161 879 de
187 850 371 896 corpore
394 834 571 879 exierint
602 833 691 879 sine
716 833 981 879 Christianae
1005 835 1154 893 gratiae
1186 849 1478 894 sacramento,

105 902 180 948 sed
203 919 272 949 eas
294 904 408 966 ipsas
423 940 434 960 ,
467 920 568 967 quae
589 903 633 948 in
660 905 744 948 hac
771 903 861 948 vita
882 903 1130 950 dolentibus
1156 906 1280 951 nobis
1304 924 1480 954 versan-

107 982 179 1021 tur
202 983 299 1019 ante
329 973 502 1028 oculos;
533 990 639 1037 quas
665 989 914 1019 enumerare
933 974 967 1019 si
991 974 1144 1031 velim,
1168 976 1291 1038 prius
1309 987 1480 1041 tempus

107 1059 240 1106 quam
275 1042 465 1106 exempla
508 1044 726 1090 deficient.
765 1045 1072 1103 Languescunt
1115 1046 1449 1105 aegritudinibus
1466 1085 1477 1103 ‚

106 1123 365 1177 torquentur
391 1113 618 1159 doloribus
634 1150 645 1169 ,
677 1113 790 1159 fame
810 1123 851 1158 et
868 1113 937 1158 siti
957 1114 1227 1171 cruciantur,
1250 1115 1480 1163 debilitan-

107 1193 180 1229 tur
204 1183 410 1229 membris
425 1220 436 1240 ,
453 1183 688 1246 privantur
707 1183 916 1238 sensibus,
939 1194 1145 1229 vexantur
1166 1185 1221 1229 ab
1242 1185 1481 1233 immundis

107 1252 348 1315 spiritibus.
373 1252 770 1298 Demonstrandum
789 1263 849 1297 est
869 1253 1036 1315 utique,
1056 1254 1275 1316 quomodo
1294 1255 1371 1300 ista
1392 1257 1481 1303 sine

108 1321 196 1368 ulla
227 1338 303 1368 sua
332 1322 443 1368 mala
477 1340 604 1368 causa
637 1326 751 1382 juste
783 1323 1016 1385 patiantur.
1058 1325 1153 1369 Non
1174 1325 1287 1370 enim
1312 1325 1480 1373 dicifas

107 1401 191 1448 est,
222 1402 296 1437 aut
324 1392 404 1437 ista
426 1392 651 1452 ignorante
685 1394 775 1437 Deo
794 1393 884 1437 fieri
902 1430 912 1447 ,
941 1404 1012 1438 aut
1037 1410 1135 1439 eum
1162 1412 1248 1439 non
1268 1412 1392 1457 posse
1411 1415 1482 1443 re-

107 1461 251 1508 sistere
277 1462 561 1518 facientibus,
588 1472 662 1508 aut
685 1462 844 1521 injuste
864 1462 943 1507 ista
965 1462 1030 1508 vel
1046 1462 1185 1509 facere
1210 1465 1276 1510 vel
1305 1466 1483 1528 permit-

108 1540 209 1578 tere.
251 1532 583 1595 Numquidnam
627 1532 740 1577 sicut
782 1531 983 1577 animalia
1017 1533 1331 1580 irrationabilia
1368 1548 1482 1583 recte

108 1600 294 1647 dicimus
313 1602 359 1647 in
384 1619 484 1647 usus
502 1601 597 1647 dari
615 1601 780 1647 naturis
797 1601 1186 1659 excellentioribus,
1207 1604 1283 1649 etsi
1298 1605 1476 1663 vitiosis,

107 1671 221 1717 sicut
244 1672 508 1735 apertissime
540 1672 585 1717 in
612 1671 837 1730 Evangilio
868 1671 1063 1717 videmus
1088 1689 1244 1734 porcos
1276 1673 1330 1719 ad
1355 1691 1480 1722 usum

109 1741 397 1787 desideratum
421 1759 644 1788 concessos
667 1758 753 1787 esse
777 1741 1108 1800 daemonibus&
1134 1742 1220 1788 1106
1243 1754 1284 1789 61
1311 1745 1364 1790 de
1392 1745 1480 1791 ho-

109 1815 224 1858 mine
242 1823 355 1858 recte
375 1829 603 1875 possumus
628 1812 801 1857 dicere?
825 1812 994 1857 Animal
1017 1823 1078 1857 est
1093 1813 1205 1857 enim
1224 1833 1233 1867 ;
1261 1814 1333 1859 sed
1351 1815 1481 1860 ratio-

109 1882 204 1928 nale
220 1919 231 1939 ,
255 1883 331 1928 etsi
356 1882 548 1929 mortale.
579 1883 735 1928 Anima
760 1893 821 1927 651
840 1881 1062 1927 rationalis
1082 1883 1125 1927 in
1142 1882 1225 1927 illis
1248 1885 1476 1942 membris,

109 1969 208 2016 quae
239 1952 366 1998 tantis
395 1952 703 1997 afflictionibus
739 1968 892 2014 poenas
929 1951 1038 2008 luit,
1074 1954 1187 1998 Deus
1217 1954 1358 1999 bonus
1385 1966 1475 2011 cst,

110 2020 226 2069 'Deus
252 2026 397 2083 justus
434 2032 525 2078 est,
568 2023 682 2067 Deus
721 2022 997 2084 omnipotens
1024 2033 1119 2076 cst3
1150 2022 1237 2067 1106
1275 2023 1479 2072 dubitare

110 2093 288 2140 omnino
308 2093 517 2139 dementis
534 2103 609 2138 est.
625 2093 865 2138 Tantorum
884 2109 983 2152 ergo
1004 2091 1232 2149 malorum,
1250 2110 1348 2156 quae
1369 2096 1482 2142 fiunt

109 2164 154 2211 in
187 2163 403 2227 parvulis,
431 2179 558 2208 causa
587 2166 704 2222 J'usta
738 2162 923 2211 dicatur.
970 2165 1134 2224 Px'einpe
1167 2180 1269 2208 611111
1297 2168 1480 2225 majores

109 2235 190 2281 ista
212 2234 459 2297 patiuntur,
486 2233 670 2279 solemus
703 2233 845 2279 dicere
882 2243 954 2278 aut
988 2232 1099 2277 sicut
1133 2233 1178 2277 in
1213 2233 1300 2278 Job
1329 2236 1481 2281 merita

110 2303 371 2360 examinari,
410 2313 484 2349 aut
520 2303 633 2348 sicut
673 2304 718 2348 in
755 2302 928 2348 Herode
956 2313 1135 2365 peccata
1154 2303 1315 2365 puniri.
1348 2305 1402 2350 Et
1427 2305 1480 2350 de

110 2374 372 2439 quibusdam
405 2374 633 2437 exemplis,
671 2390 772 2437 quae
808 2375 923 2419 Deus
959 2372 1181 2418 manifesta
1203 2391 1289 2419 esse
1312 2375 1476 2433 voluit,

113 2445 196 2491 alia
220 2461 321 2508 quae
343 2444 528 2490 obscura
545 2455 644 2490 sunt
661 2443 831 2490 homini
851 2446 1093 2503 conjectare
1113 2444 1384 2502 conceditur,
1407 2446 1481 2492 sed

114 2515 274 2564 hocin
307 2515 559 2576 maioribus.
592 2515 656 2562 De
688 2514 880 2580 parvulis
914 2524 1055 2561 autem
1080 2514 1189 2579 quid
1219 2515 1484 2579 respondea-

161 2597 310 2633 lMaith.
329 2606 397 2639 vm,
418 2609 471 2632 22.
