1799 3251
314 298 403 346 272
725 294 759 324 s.
803 293 1042 324 Atotsrtm
1077 291 1279 322 Eriscom

309 363 473 410 nullam
515 360 807 406 infirmitatem
855 358 994 403 carnis
1035 367 1075 402 ct
1119 357 1335 416 sanguinis
1386 357 1472 403 suis
1519 358 1680 404 divitiis

309 434 602 499 perfecerunt,
632 430 775 476 subito
797 429 997 475 adversus
1020 438 1251 491 peccatum
1272 445 1352 490 pro
1371 428 1455 474 fide
1475 446 1609 492 usque
1625 428 1680 474 ad

309 505 563 564 sangninem
581 511 814 547 certarunt.
843 499 1016 556 Quibus
1038 509 1284 543 autemnon
1306 498 1506 560 provenit
1522 516 1683 544 corona

309 572 501 638 matyrii,
530 588 668 635 neque
685 571 798 616 illius
819 568 1093 633 perfectionis
1110 568 1164 613 de
1182 567 1417 614 vendendis
1437 570 1569 615 rebus
1592 569 1680 615 suis

311 643 542 691 consilium
563 653 650 687 tam
666 641 827 702 grande
842 651 1017 702 tamque
1050 637 1313 702 praeclarum
1344 651 1619 703 receperunt,
1642 649 1686 685 et

315 725 458 760 tamen
483 731 505 758 a
531 711 855 758 damnabilibus
890 710 1102 754 immunes
1136 708 1393 754 criminibus
1430 709 1687 755 esurientem

318 784 543 831 Christum
557 792 787 846 paverunt,
809 780 970 826 sitienti
994 790 1146 842 potum
1164 778 1392 835 dederunt,
1415 779 1582 825 nudum
1600 797 1689 826 ves·

317 855 498 910 fierunt,
526 852 868 916 peregrinantem
907 860 1190 912 susceperunt
1207 886 1216 904 ,
1241 865 1329 894 non
1354 849 1566 895 sedebunt
1587 850 1690 913 qui-

319 925 416 972 dem
448 941 549 970 cum
586 923 761 969 Christo
787 920 1032 968 sublimiter
1065 919 1325 980 judicaturi,
1366 918 1439 965 sed
1472 919 1527 965 ad
1558 919 1694 983 ipsius

321 996 536 1043 dexteram
561 994 739 1040 stabunt
774 990 1112 1038 misericorditer
1129 989 1376 1051 Judicantli.
1405 991 1562 1036 «Beati
1579 990 1694 1036 enim

329 1086 347 1109 »
368 1063 682 1121 misericordes,
721 1063 927 1127 quoniam
956 1061 1152 1124 ipsorum
1189 1059 1462 1106 miserebitur
1489 1059 1649 1107 Deus-⁴.
1674 1080 1695 1101 »

327 1137 382 1181 Et
405 1134 625 1195 judicium
652 1134 740 1179 sine
765 1131 1065 1178 misericordia
1097 1132 1170 1176 fiet
1193 1129 1256 1175 illi
1279 1130 1356 1193 qui
1376 1147 1464 1176 non
1488 1130 1591 1177 fecit
1614 1130 1698 1175 mi-

323 1204 617 1253 sericordiam.
646 1203 947 1268 Superexultet
972 1213 1114 1247 autem
1155 1200 1632 1260 misericordiajudicio
1657 1201 1690 1248 ².

394 1276 619 1323 XXXVII.
645 1275 835 1321 Proinde
850 1273 1126 1320 istidesinant
1141 1282 1290 1318 contra
1304 1272 1554 1335 Scripturas
1567 1271 1700 1336 loqui,

331 1348 432 1394 etin
453 1348 537 1392 suis
552 1346 927 1392 exhortationibus
948 1344 1000 1389 ad
1015 1347 1175 1402 majora
1191 1342 1250 1388 sic
1266 1342 1463 1399 excitent,
1479 1353 1526 1388 ut
1538 1343 1704 1388 minora

331 1436 421 1464 non
436 1417 656 1464 damnent.
683 1419 796 1462 Num
813 1417 924 1462 enim
940 1426 980 1461 et
995 1426 1187 1460 sanctam
1204 1413 1493 1473 virginitatem
1508 1414 1705 1459 aliterex-

331 1488 550 1535 hortando
569 1488 828 1552 persuadere
852 1504 939 1532 non
959 1496 1154 1550 possunt,
1174 1484 1254 1530 nisi
1273 1484 1514 1544 conjugalia
1535 1484 1708 1530 vincula

333 1559 650 1614 damnaverint,
668 1575 766 1605 cum
782 1558 963 1604 docente
984 1562 1015 1602 Α
1024 1556 1211 1621 postolo‚
1231 1555 1527 1618 unusquisque
1541 1554 1707 1600 donum

335 1631 565 1695 proprium
588 1631 748 1676 habeat
771 1630 915 1682 aDe0‚
942 1628 1049 1674 alius
1072 1628 1149 1683 sic,
1170 1625 1277 1671 alius
1289 1636 1433 1670 autem
1455 1625 1516 1671 sic
1541 1625 1587 1671 5?
1606 1627 1709 1672 Am-

338 1702 491 1747 hulent
509 1702 655 1765 itaque
672 1701 947 1765 perfectionis
966 1700 1077 1745 viam
1089 1737 1098 1753 ,
1121 1697 1308 1745 venditis
1325 1696 1528 1742 omnibus
1545 1696 1631 1742 suis
1647 1713 1709 1743 re-

339 1773 439 1828 bus,
453 1783 494 1818 et
506 1771 832 1818 misericorditer
849 1770 1044 1830 erogatis.
1067 1768 1149 1815 Sed
1165 1769 1196 1813 si
1210 1784 1306 1812 vere
1319 1783 1530 1830 pauperes
1547 1767 1711 1814 Christi

343 1853 463 1899 sunt,
492 1853 531 1888 et
550 1860 635 1888 non
659 1842 760 1897 sibi,
790 1841 862 1887 sed
892 1836 1068 1887 Christo
1109 1838 1319 1898 colligunt
1349 1837 1589 1883 infirmiora
1621 1841 1712 1897 ejus

341 1912 555 1969 membra,
577 1929 709 1974 quare
723 1911 915 1975 puniunt
934 1921 1166 1972 antequam
1179 1905 1559 1966 sedesjudiciarias
1582 1924 1708 1953 acce-

346 1983 521 2047 perint?
538 1982 583 2027 Si
607 1982 721 2027 enim
739 1980 840 2027 tales
855 1991 993 2035 erunt,
1010 1979 1212 2042 qualibus
1229 1978 1441 2022 Dominus
1459 1976 1583 2023 dicit:
1606 1999 1625 2019 «
1640 1978 1714 2024 Se-

343 2075 365 2095 »
382 2053 540 2099 debitis
555 2069 683 2115 super
697 2051 928 2098 duodecim
945 2048 1316 2109 sedesjudicantes
1328 2047 1557 2093 duodecim
1574 2049 1715 2095 tribus

342 2145 363 2165 »
382 2123 537 2169 Ιεῐ’ῑι’ῥΙά
557 2141 567 2168 2
586 2145 606 2164 >³
622 2133 662 2167 et
686 2122 739 2168 de
755 2121 960 2184 qualibus
984 2118 1213 2183 Apostolus
1235 2117 1359 2173 dicit,
1379 2140 1398 2160 «
1412 2119 1591 2164 Nescitis
1606 2136 1715 2183 quo-

347 2215 369 2236 »
386 2194 500 2239 niam
523 2193 705 2253 Angelos
722 2190 1049 2252 judicabimus5
1068 2211 1079 2244 3
1098 2212 1117 2231 »
1137 2199 1385 2253 praeparent
1401 2206 1442 2234 se
1464 2189 1716 2253 potiusnon

349 2265 622 2319 criminosos,
646 2262 715 2308 sed
739 2262 951 2321 religiosos
978 2261 1129 2307 divites
1149 2260 1337 2323 recipere
1364 2260 1410 2305 in
1437 2259 1716 2306 tabernacula

349 2344 527 2390 interna,
559 2352 580 2379 a
604 2333 764 2397 quibus
781 2332 905 2377 amici
930 2331 1034 2377 facti
1061 2330 1224 2376 suntde
1242 2347 1486 2376 mammona
1505 2330 1717 2394 iniquita-

348 2405 415 2450 tis.
439 2405 552 2449 Puto
569 2404 682 2448 enim
704 2401 822 2465 quod
843 2400 1022 2464 quidam
1042 2417 1208 2457 eorum,
1226 2401 1302 2462 qui
1324 2400 1423 2446 haec
1440 2400 1719 2463 impudenter

349 2485 478 2539 atque
516 2472 818 2537 imprudenter
853 2472 1067 2532 garriunt,
1096 2489 1117 2517 a
1156 2470 1364 2517 divitibus
1397 2471 1657 2517 Christianis
1678 2481 1719 2516 et

398 2576 407 2598 Ι
428 2574 543 2608 Manli.
563 2586 594 2617 v,
618 2585 648 2613 7.
666 2592 708 2598 —
723 2571 863 2607 2Jacob.
881 2584 923 2617 11,
943 2575 1049 2605 13.—
1068 2569 1082 2594 ³
1100 2584 1111 2604 1
1129 2573 1381 2611 Cor.v11‚·5.—
1402 2569 1415 2594 ⁴
1442 2569 1716 2610 Matth.x1x,28.

349 2629 421 2657 -5
439 2642 456 2662 2
475 2632 551 2664 Cor.
573 2641 617 2670 u,
632 2631 661 2661 3.
