1799 3251
575 282 785 315 Emsrom
822 282 936 312 extr.
1386 263 1447 310 85

77 348 148 395 sed
172 349 295 410 longe
316 359 461 414 postea
480 349 704 396 memorati
731 345 1189 412 lmperatorisjudicio
1209 345 1319 391 inter
1339 363 1446 409 par-

78 429 138 465 tes
163 421 332 476 habito,
353 421 638 466 Caecilianum
653 420 781 466 fuisse
801 430 1050 483 purgatum.

139 492 240 536 XII.
270 492 364 536 Non
388 507 487 550 ergo
508 491 631 536 vobis
653 490 818 544 dicant,
843 489 943 553 quia
963 488 1144 551 praemio
1170 486 1444 548 corrupimus

68 561 278 619 judicem.
310 561 427 618 Quid
461 562 574 607 enim
600 560 716 606 aliud
758 561 893 606 solent
922 559 1027 605 victi
1050 558 1247 603 homines
1271 556 1441 602 dicere?

74 632 159 677 Aut
174 631 206 677 si
226 631 391 695 aliquid
416 632 613 677 dedimus
638 632 796 692 judici,
840 640 1054 676 utcontra
1086 628 1177 673 illos
1213 644 1293 691 pro
1313 627 1444 672 nobis

76 703 397 765 pronuntiarem
417 703 518 766 ipsis
538 703 643 766 quid
672 703 887 757 dedimus,
914 712 959 746 ut
978 710 1127 746 contra
1153 716 1194 744 sc
1215 715 1295 761 pro
1318 697 1444 743 nobis

74 783 191 818 tanta
225 791 308 819 non
334 773 469 820 solum
516 774 725 827 dicerent,
764 773 1044 819 verumetiam
1080 770 1337 816 recitarent?
1375 770 1443 814 An

70 843 179 889 sorte
205 844 357 889 volunt
383 855 428 890 ut
460 845 517 890 eis
543 845 658 908 apud
700 863 775 890 vos
806 843 964 905 gratias
985 857 1176 902 agamus,
1203 840 1305 904 quia
1341 856 1440 884 cum

69 913 420 974 dicantjudiecm
441 916 623 978 praemio
644 916 806 961 anobis
824 932 909 960 esse
941 922 1221 975 corruptum3
1248 910 1331 974 ipsi
1352 919 1441 955 tam

69 984 220 1041 multa,
244 1002 343 1049 quae
370 1004 446 1049 pro
469 987 592 1032 nobis
611 998 762 1033 contra
786 1004 827 1032 se
846 986 961 1049 ipsos
985 984 1184 1029 dixerunt
1211 992 1252 1027 et
1280 981 1440 1027 recita-

66 1066 237 1112 verunt,
275 1058 404 1116 gratis
429 1058 553 1103 nobis
592 1058 735 1103 omnia
780 1056 1104 1121 praestiterunt?
1140 1057 1228 1098 Aut
1266 1064 1380 1097 certe
1405 1051 1439 1096 si

65 1137 294 1190 propterea
315 1127 468 1174 dicunt
486 1129 604 1193 quod
645 1146 721 1175 nos
741 1128 936 1181 vicerint,
960 1127 1060 1191 quia
1084 1124 1232 1171 melius
1258 1132 1438 1184 egerunt

65 1215 238 1243 eausam
261 1199 481 1245 Caeciliani
505 1217 635 1264 quam
660 1217 753 1255 nos,
777 1200 865 1245 hoc
889 1197 1018 1262 plane
1044 1195 1204 1242 credite
1223 1194 1321 1240 illis.
1349 1195 1438 1239 Nos

63 1268 178 1314 enim
190 1268 297 1315 duas
309 1270 513 1316 lectiones
528 1289 605 1334 pro
626 1271 700 1317 illo
716 1271 909 1331 suffigere
925 1279 1266 1332 putaveramus:
1286 1264 1347 1310 illi
1368 1281 1439 1310 au·

65 1349 145 1384 tem
166 1351 354 1403 quatuor
373 1342 658 1405 protulerunt.

125 1410 250 1457 XIII.
285 1411 366 1457 Sed
395 1412 499 1476 quid
532 1413 731 1476 pluribus
759 1411 919 1458 litteras
951 1412 1204 1456 oneramus?
1232 1407 1276 1452 Si
1301 1405 1432 1452 vultis

60 1478 185 1525 nobis
232 1481 420 1538 credere,
447 1483 632 1529 credite:
673 1493 714 1528 et
746 1493 964 1528 teneamus
998 1480 1161 1544 pariter
1198 1477 1428 1531 unitatem,

59 1565 190 1611 quam
206 1552 334 1611 jubet
366 1563 407 1599 et
435 1553 577 1614 diligit
612 1559 741 1601 Deus.
790 1554 996 1598 Stantem
1039 1551 1165 1596 nobis
1190 1567 1272 1595 non
1300 1547 1432 1594 vultis

58 1619 246 1677 credere,
261 1623 390 1669 Gesta
415 1625 507 1688 ipsa
528 1625 667 1685 legite,
681 1636 756 1671 aut
777 1624 900 1669 vobis
920 1634 968 1668 ut
983 1623 1181 1681 legantur
1199 1619 1426 1673 admittite,

57 1701 98 1735 et
127 1709 180 1736 an
203 1710 300 1740 vera
328 1695 414 1740 sint
442 1712 541 1758 quae
577 1696 826 1759 scripsimus
851 1694 993 1746 vobis,
1031 1692 1114 1755 ipsi
1148 1691 1345 1754 probate.
1381 1688 1428 1734 Si

58 1773 199 1808 autern
223 1764 335 1811 nihil
360 1765 519 1811 horum
541 1768 678 1812 facere
696 1766 846 1812 vultis.
875 1775 916 1810 ct
953 1762 1294 1809 manifestissima
1317 1760 1427 1805 veri-

57 1843 140 1878 tate
157 1835 400 1882 convictam
421 1839 555 1900 partis
582 1838 741 1884 Donati
760 1837 985 1882 falsitatem
1008 1834 1058 1879 ad
1070 1834 1153 1879 huc
1177 1832 1295 1896 sequi
1319 1830 1427 1876 desi-

55 1903 229 1958 deratis,
258 1906 410 1952 mundi
449 1924 595 1954 sumus
623 1926 644 1953 a
681 1924 813 1971 poena
844 1916 1007 1960 vestra,
1035 1902 1212 1967 quando
1232 1919 1306 1947 vos
1336 1917 1428 1947 sero

54 1985 200 2038 postea
225 1977 472 2040 poenitebit.
506 1979 549 2025 Si
573 1997 673 2026 vcro
698 1979 742 2025 id
774 1977 891 2042 quod
925 1976 1049 2022 vobis
1074 1973 1278 2038 praestitit
1310 1974 1425 2018 Deus

54 2062 139 2090 non
165 2050 526 2111 contempseritis,
548 2061 702 2113 etpost
721 2066 892 2096 causam
911 2059 996 2093 tam
1016 2045 1242 2105 diligenter
1259 2052 1420 2097 actam,

52 2125 94 2161 et
125 2126 208 2161 tam
237 2117 462 2178 diligenter
490 2120 800 2166 manifestatam
822 2157 831 2175 ‚
869 2133 1113 2183 perversam
1143 2113 1427 2160 eonsuetudi-

53 2202 148 2231 nem
168 2186 471 2251 relinquentes,
491 2191 593 2254 paci
613 2190 775 2236 Christi
795 2201 835 2235 et
860 2187 1014 2234 unitati
1038 2184 1352 2238 consenseritis,
1371 2183 1426 2228 de

50 2267 191 2302 vestra
215 2260 482 2306 correctione
507 2261 791 2320 gaudebimus
819 2277 830 2305 ι
862 2270 903 2304 ct
932 2266 1197 2304 sacramenta
1228 2254 1423 2310 Christi,

50 2344 150 2393 quae
182 2329 227 2374 in
261 2330 481 2391 sacrilegio
505 2332 749 2378 schismatis
770 2331 824 2377 ad
843 2329 1062 2391 judicium
1085 2327 1276 2381 habetis,
1304 2325 1427 2372 utilia

49 2410 91 2445 et
107 2399 295 2447 salubria
314 2402 438 2448 vobis
456 2413 600 2457 erunt,
625 2420 725 2450 eum
751 2403 795 2449 in
815 2400 1034 2449 catholica
1056 2416 1164 2463 pace
1182 2397 1426 2444 habueritis

49 2472 437 2535 caputChristum,
455 2474 532 2520 ubi
551 2474 742 2521 charitas
760 2473 957 2537 cooperit
976 2470 1304 2517 multitudinem
1328 2487 1427 2532 pec·

48 2552 246 2588 catorum
271 2541 303 2589 1.
329 2543 437 2591 Haec
462 2545 516 2592 ad
541 2563 616 2592 vos
629 2544 882 2609 scripsimus
909 2543 970 2608 ‘73
996 2541 1110 2602 xviij.
1137 2540 1231 2587 Kal.
1265 2540 1419 2595 Julias,

96 2625 105 2648 ἶ
133 2638 143 2656 ι
165 2627 249 2659 Petr.
271 2637 315 2668 iv,
336 2627 367 2659 S.
