1799 3251
329 312 415 376 174
741 327 776 357 s.
819 324 1064 357 Ancusnm
1099 324 1304 356 EPISCOPI

323 393 430 439 rime
448 391 687 439 advertitur
707 427 717 446 ‚
744 407 834 435 non
859 391 1135 454 inopinatum
1164 400 1206 435 et
1228 389 1502 453 repentinum
1524 386 1690 452 aliquid

322 463 569 509 institutum
604 461 760 524 spiritu
791 460 1145 524 praesumptionis
1181 460 1412 514 humanae,
1454 469 1502 504 ut
1526 458 1692 505 Christi

323 550 481 578 nomen
499 533 544 577 in
564 530 804 594 spesalutis
816 540 987 576 aeternae
1001 541 1119 576 tanta
1142 529 1394 575 auctoritate
1414 526 1689 591 praepolleat‚

321 601 394 647 sed
410 601 511 646 olim
523 600 649 646 fuisse
659 599 974 663 prophetatum
993 611 1121 663 atque
1133 599 1447 662 conscriptum.
1470 598 1582 643 Nam
1597 597 1693 661 ipsa

323 670 556 735 prophetia
575 707 585 724 ,
610 669 716 733 quid
741 669 859 715 aliud
879 670 960 716 nisi
987 688 1008 716 a
1037 670 1191 715 nostris
1216 678 1443 731 putaretur
1469 685 1555 714 es-se
1581 674 1693 713 con-⁷

326 742 440 797 ficta,
462 740 496 786 si
516 757 604 785 non
626 739 678 784 de
696 739 973 785 inimicorum
999 739 1227 785 codicibus
1251 738 1538 801 probaretur?
1553 735 1656 782 Ideo
1677 774 1689 793 ‚

323 831 344 852 «
365 812 428 856 Ne
448 809 657 856 occideris
688 826 757 855 eos
776 847 786 865 ‚
824 831 844 851 »
861 826 913 854 ne
939 810 1075 873 ipsius
1093 810 1229 869 gentis
1262 825 1419 854 nomen
1444 805 1667 855 extinxeris
1685 844 1697 863 ,

323 902 343 920 <‹
364 883 427 925 Ne
442 889 606 943 quanto
618 879 932 925 obliviscantur
947 880 1068 939 Legis
1094 877 1364 935 tuae.»Quod
1389 878 1538 940 utique
1559 877 1694 923 fieret.

325 950 359 995 si
379 950 485 995 ritus
503 960 543 994 et
562 966 681 995 sacra
705 949 927 1010 gentilium
949 949 1088 995 colere
1112 948 1325 1012 compulsi
1351 948 1525 1010 penitus
1549 946 1697 1011 quale-

325 1036 513 1084 cumque
541 1036 700 1065 nomen
724 1019 940 1079 religionis
968 1036 1057 1065 suae
1091 1019 1268 1064 minime
1291 1017 1537 1063 retinerent.
1566 1015 1702 1074 Quod

322 1090 367 1135 in
387 1107 534 1136 eorum
556 1091 694 1149 figura
717 1091 846 1136 etiam
867 1090 920 1135 de
941 1090 1050 1135 Cain
1070 1090 1281 1152 scriptum
1298 1099 1376 1144 est,
1405 1087 1524 1150 quod
1543 1086 1701 1133 consti-

322 1160 409 1205 tuit
426 1160 471 1205 in
492 1176 540 1205 eo
568 1160 779 1206 Dominus
803 1160 972 1220 signum
990 1197 1000 1216 ,
1023 1177 1075 1205 ne
1093 1160 1190 1222 quis
1207 1157 1425 1205 occideret
1447 1175 1545 1203 eum
1561 1156 1593 1201 1.
1620 1157 1698 1203 De-

321 1229 452 1292 nique
478 1246 580 1275 cum
600 1229 770 1276 dixisset
793 1268 803 1285 ,
840 1252 859 1271 «
878 1231 940 1275 Ne
961 1229 1170 1276 occideris
1194 1246 1288 1285 eos,
1306 1245 1359 1274 ne
1386 1226 1561 1291 quando
1582 1224 1700 1272 obli-

323 1301 586 1346 »viscantur
618 1302 742 1361 Legis
781 1311 925 1357 tuae3»
961 1301 1080 1347 velut
1115 1309 1387 1364 quaereretur
1409 1298 1515 1362 quid
1541 1297 1594 1343 de
1616 1296 1700 1343 illis
1753 1336 1763 1342 s

326 1380 434 1416 esset
457 1369 704 1415 faciendum
722 1407 733 1426 ‚
765 1381 814 1415 ut
847 1371 894 1415 in
928 1370 1094 1433 aliquos
1118 1386 1218 1415 usus
1253 1368 1483 1414 testimonii
1509 1365 1699 1413 veritatis

325 1456 413 1486 non
437 1439 723 1497 occidantur,
747 1440 792 1486 id
812 1450 902 1498 est,
934 1458 1022 1486 non
1050 1450 1361 1486 consumantur
1377 1476 1387 1494 ‚
1422 1453 1560 1500 neque
1583 1435 1699 1482 obli-

325 1511 546 1557 viscantur
560 1512 684 1571 Legis
706 1511 787 1557 Dei
807 1531 818 1565 ;
844 1511 1051 1557 continuo
1072 1511 1320 1570 subjunxit,
1349 1531 1368 1550 «
1382 1509 1587 1571 Disperge
1603 1507 1698 1553 illos

324 1602 344 1621 υ
366 1581 412 1626 in
437 1581 594 1627 virtute
615 1592 684 1626 tua
700 1581 732 1628 ².
757 1603 776 1623 »
798 1582 841 1627 Si
861 1582 976 1627 enim
1000 1582 1045 1626 in
1065 1598 1152 1626 uno
1183 1580 1282 1626 loco
1304 1589 1438 1625 essent
1457 1588 1667 1623 terrarum
1685 1613 1697 1634 ,

323 1667 410 1696 non
426 1650 682 1710 adjuvarent
704 1651 947 1697 testimonio
962 1651 1319 1715 praedicationem
1337 1647 1580 1708 Evangelii,
1597 1662 1698 1711 quae

322 1719 558 1766 fructificat
592 1731 683 1767 toto
719 1723 824 1767 orbe
855 1732 1082 1768 terrarum.
1119 1721 1223 1766 Ideo
1251 1719 1500 1782 «Disperge
1528 1715 1624 1763 illos
1651 1715 1697 1763 in

325 1812 344 1831 ›>
367 1790 527 1835 virtute
546 1801 642 1847 tua,
666 1814 685 1833 »
717 1807 764 1837 ut
787 1794 877 1851 ejus
904 1793 1062 1855 ipsius,
1096 1795 1220 1851 quus
1239 1788 1417 1835 fuerunt
1442 1797 1660 1848 negatores
1679 1823 1692 1845 ‚

322 1870 642 1923 persecutores,
668 1861 960 1907 interfectores
978 1899 988 1917 ‚
1020 1862 1183 1925 ubique
1202 1862 1287 1906 sint
1311 1869 1434 1923 testes
1457 1875 1534 1921 per
1556 1858 1695 1920 ipsam

322 1931 480 1989 Legem
499 1967 509 1985 ‚
542 1948 673 1994 quam
710 1949 796 1977 non
824 1932 1143 1977 obliviscuntur
1160 1969 1170 1988 ,
1214 1931 1258 1975 in
1293 1946 1379 1992 qua
1403 1939 1463 1973 est
1489 1928 1560 1973 ille
1585 1932 1694 1990 pro'-

321 1999 544 2063 phetatus‚
573 2018 702 2064 quem
724 2020 812 2048 non
834 2013 1086 2065 sequuntur.
1127 2003 1276 2063 Neque
1305 1999 1420 2044 enim
1447 1998 1504 2043 eis
1526 1997 1694 2060 aliquid

322 2069 523 2133 prodest,
552 2071 672 2134 quod
708 2090 801 2117 eam
835 2090 922 2118 non
952 2072 1286 2118 obliviscuntur.
1325 2067 1457 2114 Aliud
1481 2078 1542 2112 est
1579 2069 1693 2114 enim

323 2138 458 2198 Iegem
489 2140 567 2185 Dei
603 2141 765 2188 habere
795 2141 840 2187 in
878 2141 1083 2187 memoria
1102 2179 1112 2198 ,
1157 2138 1278 2185 aliud
1318 2138 1363 2183 in
1395 2136 1616 2183 intellectu
1651 2146 1691 2182 et

323 2210 490 2255 effectu.

389 2285 442 2331 X.
466 2289 723 2349 Responsio
745 2288 815 2332 ad
826 2290 1132 2351 quoestl'onem
1149 2288 1208 2331 de
1220 2284 1349 2331 Psal.
1368 2298 1504 2329 van.
1534 2300 1606 2330 22.
1628 2312 1690 2320 --

325 2355 373 2399 In
389 2372 454 2401 Lx.
472 2367 615 2401 autem
629 2375 709 2404 vu.
721 2358 912 2412 Psalmo,
925 2357 1044 2422 quod
1060 2358 1219 2421 quaeris
1235 2354 1342 2420 quid
1357 2355 1435 2399 sit:
1456 2352 1688 2402 Verumta-

323 2446 342 2461 ν’
358 2441 452 2470 men
467 2426 578 2471 Deus
590 2428 1049 2491 conquassabitcapita
1062 2428 1336 2473 inimicorum
1354 2440 1549 2481 suorum,
1568 2425 1690 2472 verti-

324 2515 343 2535 »
359 2511 450 2539 cem
473 2496 621 2557 capilli
639 2498 1037 2559 perambulantium
1052 2498 1096 2543 in
1110 2498 1277 2543 delictis
1297 2495 1382 2541 suis
1399 2529 1410 2549 ,
1431 2513 1451 2534 »
1473 2510 1560 2540 non
1579 2495 1688 2542 mihi

320 2563 490 2609 ridetur
506 2564 622 2611 aliud
638 2567 820 2627 dictum⁷
838 2586 988 2633 quam,
1006 2570 1119 2615 Deus
1131 2570 1441 2632 conquassabit
1456 2570 1600 2634 capita
1612 2567 1688 2614 ini-

370 2646 543 2689 ¹Gen,1v‚
567 2649 616 2682 15.
636 2666 678 2671 -—-
693 2648 707 2671 2
726 2652 916 2689 Psal.m11‚
938 2662 989 2682 12.
