1799 3251
308 336 400 394 462
717 349 751 379 s.
794 345 1038 377 AUGUS‘HNI
1072 344 1274 376 EP1scom

308 417 444 466 nostri
463 415 582 481 quod
607 425 885 478 susceperant
906 413 1102 459 obtinere
1122 429 1210 457 non
1233 422 1421 474 possent.
1448 413 1473 458 J
1478 430 1545 459 am
1565 414 1678 460 enim

312 498 389 536 nos
407 496 707 553 praevenerant
728 503 773 531 ex
800 484 889 530 aliis
907 484 1013 529 locis
1028 482 1229 547 quaedam
1253 482 1560 546 episcoporum
1578 501 1682 548 que-

312 561 414 608 relae
439 558 727 621 gravissimae,
749 557 825 620 qui
851 555 962 601 mala
995 555 1167 601 fuerant
1190 553 1245 599 ab
1277 554 1381 617 ipsis
1414 554 1548 600 multa
1580 572 1685 619 per-

315 631 453 695 pessi,
492 640 534 674 et
558 646 579 674 a
603 627 688 673 suis
721 626 896 672 sedibus
933 624 1169 680 exturbati,
1208 625 1434 687 praecipue
1468 625 1687 671 horrenda

317 713 360 747 et
381 698 648 747 incredibilis
681 697 819 743 caedes
854 696 1101 742 Maximiani
1139 695 1333 758 episcopi
1367 696 1574 741 catholici
1600 697 1686 742 Ec-

324 770 464 817 clesiae
483 768 730 828 Bagatensis
748 767 911 824 effecit,
936 777 985 813 ut
1008 777 1152 811 nostra
1175 765 1330 824 legatio
1349 768 1436 825 jam
1457 766 1563 830 quid
1588 783 1690 827 age-

321 851 416 896 ret,
462 857 549 886 non
583 837 785 884 haberet(
825 838 922 882 Jam
961 837 1074 882 enim
1105 837 1169 882 lex
1212 835 1353 881 fuerat
1383 836 1687 900 promulgata,

322 922 371 957 ut
397 921 528 955 tantae
551 907 834 954 immanitatis
857 907 1033 953 haeresis
1056 906 1382 952 Donatistarum
1402 944 1411 962 ,
1444 907 1515 952 cui
1540 905 1694 952 crude-

320 981 402 1026 lius
431 979 554 1043 parci
584 978 817 1024 videbatur
844 995 974 1041 quam
1002 978 1094 1041 ipsa
1130 977 1337 1022 saeviebat
1360 1014 1370 1032 ,
1404 994 1491 1022 non
1527 972 1695 1023 tanturn

323 1049 509 1095 violenta
533 1065 643 1103 esse,
672 1047 757 1092 'sed
781 1047 959 1093 omnino
994 1064 1079 1092 esse
1116 1064 1201 1092 non
1231 1047 1442 1092 sineretur
1480 1047 1693 1110 impune:

325 1132 412 1164 non
437 1129 579 1164 tamen
606 1117 824 1180 supplicio
845 1117 1023 1178 capitali
1046 1154 1055 1170 ,
1089 1127 1270 1179 propter
1293 1117 1547 1162 servandam
1568 1117 1699 1163 etiam

328 1188 657 1248 circaindignos
676 1188 1049 1232 mansuetudinem
1071 1187 1383 1242 Christianam,
1403 1187 1475 1232 sed
1497 1188 1702 1250 pecunia-

331 1260 405 1305 riis
422 1258 591 1305 damnis
610 1257 862 1321 propositis,
885 1257 981 1303 etin
993 1257 1219 1321 episcopos
1234 1257 1300 1304 vel
1318 1257 1532 1304 ministros
1550 1275 1703 1305 eorum

333 1329 456 1375 exilio
475 1330 729 1375 constituto.

398 1400 581 1447 XXVII.
613 1397 925 1462 Supradictum
948 1398 1113 1462 quippe
1132 1398 1388 1462 episcopum
1406 1399 1702 1459 Bagatensem,

336 1471 545 1535 quoniam
578 1470 697 1534 apud
729 1469 997 1515 ordinarium
1022 1469 1216 1529 judicem
1239 1506 1250 1525 ,
1285 1469 1402 1515 dicta
1427 1470 1540 1516 inter
1563 1480 1708 1534 partes

336 1540 571 1597 sententia,
614 1539 864 1586 obtinuerat
899 1540 1122 1586 basilicam
1144 1577 1154 1596 ‚
1182 1557 1315 1603 quam
1355 1539 1450 1596 illi,
1490 1558 1589 1586 cum
1630 1557 1709 1586 ca-

340 1611 502 1657 tholica
540 1621 675 1667 esset,
714 1609 989 1667 invaserant,
1028 1620 1212 1655 stantem
1244 1609 1296 1655 ad
1331 1610 1464 1655 altare
1498 1611 1710 1656 irruentes

339 1680 558 1728 horrendo
588 1681 755 1744 impetu
782 1691 818 1726 et
841 1679 986 1726 furore
1022 1680 1211 1736 crudeli,
1241 1680 1429 1726 fustibus
1450 1684 1710 1741 etcujusce-

342 1753 460 1798 modi
486 1752 577 1798 telis
596 1790 605 1808 ,
633 1751 757 1812 lignis
779 1751 966 1816 denique
984 1751 1174 1811 chsdem
1201 1751 1345 1797 altaris
1367 1752 1530 1798 effracti
1548 1753 1710 1797 imma-

341 1824 452 1868 niter
468 1822 718 1868 ceciderunt
734 1840 744 1878 3
763 1823 954 1886 pugione
972 1822 1099 1867 etiam
1120 1833 1427 1885 percusserunt
1442 1823 1486 1868 in
1505 1822 1707 1882 inguine;

340 1911 427 1957 quo
456 1893 632 1939 vulnere
663 1893 835 1952 sanguis
867 1893 1039 1938 effluens
1073 1910 1172 1938 eum
1203 1894 1437 1939 exanimem
1477 1893 1707 1949 redderet,

343 1965 422 2010 nisi
457 1965 493 2009 ei
526 1964 579 2009 ad
610 1964 744 2009 vitam
783 1968 920 2023 major
956 1964 1118 2009 saevitia
1155 1981 1302 2009 eornm
1328 1964 1571 2027 profuisset.
1599 1965 1710 2010 Nam

344 2051 444 2079 cum
480 2033 665 2094 graviter
692 2033 933 2079 sauciatum
968 2051 1048 2096 per
1072 2045 1228 2079 terram
1252 2034 1428 2097 insuper
1449 2035 1670 2079 traherent
1696 2070 1708 2090 ,

344 2103 577 2150 exundanti
609 2120 730 2149 venae
767 2103 913 2166 pultis
948 2104 1151 2149 obtrusus
1185 2104 1435 2163 sanguinein
1462 2104 1706 2159 abstinuit,

345 2179 467 2235 cujus
485 2174 687 2219 effusione
711 2174 801 2219 ibat
826 2173 871 2219 in
894 2184 1092 2220 mortem.
1129 2174 1290 2219 Deinde
1316 2192 1416 2220 cum
1447 2176 1502 2220 ab
1533 2175 1590 2220 eis
1615 2185 1712 2220 tan-

346 2245 443 2290 dem
468 2244 665 2290 relictum
681 2282 691 2301 ,
713 2245 847 2290 nostri
868 2262 967 2291 cum
991 2243 1172 2290 Psalmis
1192 2244 1357 2290 auferre
1382 2255 1593 2290 tentarent
1615 2282 1626 2301 ,
1650 2244 1712 2291 illi

344 2317 405 2361 ira
444 2315 687 2361 ardentiore
722 2316 945 2371 succensi,
986 2333 1082 2361 eum
1122 2315 1175 2360 de
1212 2316 1486 2378 portantium
1511 2315 1714 2360 manibus

345 2386 642 2441 abstulerunt,
666 2386 777 2431 male
802 2386 1020 2431 mulctatis
1050 2386 1293 2448 fugatisque
1317 2385 1544 2431 catholicis
1565 2405 1575 2439 ;
1605 2402 1714 2449 quos

344 2457 507 2516 ingenti
531 2456 808 2502 multitudine
831 2457 1125 2520 superabant,
1160 2468 1201 2502 et
1224 2457 1348 2502 facile
1373 2456 1589 2502 saeviendo
1622 2466 1713 2500 ter-

344 2528 512 2573 rebant.
548 2526 655 2571 Inde
691 2527 735 2572 in
770 2527 1005 2589 quamdam
1037 2537 1198 2571 turrem
1230 2526 1442 2580 levatum,
1464 2530 1554 2586 jam
1593 2525 1712 2571 defe-

344 2598 447 2643 cisse
484 2597 770 2651 arbitrantes,
799 2614 899 2642 cum
936 2596 1007 2642 ille
1039 2596 1184 2641 adhue
1211 2597 1399 2651 viveret,
1437 2596 1705 2655 abjecerunt.

342 2667 426 2714 Sed
447 2667 638 2731 quodam
662 2667 780 2713 molli
797 2685 944 2728 aggere
956 2677 1170 2731 exceptus,
1193 2677 1234 2712 et
1259 2685 1279 2713 a
1298 2666 1562 2730 quibusdam
1585 2677 1712 2712 nocte
