1799 3251
529 318 737 349 EPIS't’oLA
772 318 863 348 (ιη.
1329 319 1364 366 ιι
1389 320 1397 352 ι

35 397 177 432 manet
196 385 350 432 bonus.
374 385 586 441 Quicnim
602 385 758 444 injuste
774 401 816 429 se
841 384 1411 448 ordinatinpeccatis,juste

34 456 261 503 ordinatur
285 456 330 502 in
353 455 511 519 poenis.

101 525 152 571 V.
193 525 346 570 Volens
371 527 514 588 itaque
534 526 649 569 Deus
675 525 898 570 ostendere
917 526 1046 571 etiam
1073 535 1280 570 terrenam
1301 535 1408 569 tem-

40 595 319 661 poralemque
341 595 586 640 felicitatem
622 611 748 640 suum
775 594 939 640 donum
975 613 1088 652 esse,
1122 612 1202 641 nec
1234 593 1406 640 aliunde

42 666 121 712 nisi
147 666 200 710 ab
221 665 315 728 ipso
344 665 504 727 sperari
526 675 723 727 oportere
740 702 750 718 ‚
774 665 994 726 prioribus
1022 665 1170 712 saeculi
1202 665 1411 728 tempori-

40 737 122 782 bus
145 735 481 798 dispensandum
500 735 718 793 judicavit
741 736 1065 781 Testamentum
1097 737 1228 781 Vetus
1244 772 1254 791 ‚
1289 734 1409 797 quod

38 805 270 870 pertineret
295 805 348 850 ad
365 804 582 849 hominem
609 815 792 849 veterem
813 842 823 859 ‚
857 823 879 849 a
912 822 1000 868 quo
1030 805 1108 850 ista
1130 806 1217 850 vita
1241 821 1409 849 necesse

39 885 101 921 est
131 873 326 937 incipiat.
371 873 455 918 Sed
489 873 575 918 illae
610 873 831 919 felicitates
856 884 1030 936 patrum
1050 911 1059 924 ,
1089 875 1167 920 Dei
1191 873 1405 919 beneficio

40 963 251 994 concessae
270 946 583 1009 praedicantur,
614 947 813 1008 quantivis
833 945 883 990 ad
906 946 1027 991 istam
1054 957 1185 992 vitam
1214 945 1411 991 transito-

36 1019 143 1063 riam
165 1018 439 1079 pertinentes.
468 1016 543 1061 llla
564 1016 729 1079 quippe
752 1026 914 1061 terrena
935 1033 1107 1061 munera
1127 1017 1168 1061 in
1187 1015 1410 1061 manifesto

36 1087 405 1151 promittebantur
428 1096 470 1130 et
500 1085 832 1130 tribuebantur:
859 1085 903 1130 in
932 1085 1107 1131 occulto
1151 1096 1293 1131 autem
1330 1084 1412 1131 illis

36 1157 238 1202 omnibus
261 1156 388 1201 rebus
411 1157 582 1201 Novum
599 1156 921 1200 Testamentum
937 1155 1117 1215 figurate
1137 1155 1410 1219 praenuntia-

36 1227 188 1282 batur,
217 1237 258 1272 et
277 1226 533 1288 capiebatur
552 1225 832 1284 intelligentia
851 1240 1113 1287 paucorum,
1133 1242 1242 1288 quos
1260 1224 1409 1270 eadem

37 1299 171 1357 gratia
200 1295 458 1359 prophetico
484 1296 660 1340 munere
689 1294 842 1353 dignos
875 1294 1047 1340 fecerat.
1095 1293 1411 1357 Dispensabant

36 1384 135 1427 ergo
170 1367 229 1412 illi
258 1365 393 1411 sancti
432 1382 511 1428 pro
547 1364 828 1424 congruentia
860 1364 1064 1425 temporis
1087 1364 1409 1409 Testamentum

38 1437 185 1489 Vetus,
214 1436 491 1499 pertinebant
512 1451 614 1481 vero
642 1434 697 1479 ad
729 1434 1054 1479 Testamentum
1082 1434 1270 1479 Novum.
1303 1432 1413 1478 Nam

36 1517 76 1551 et
100 1506 275 1568 quando
301 1504 578 1567 temporalem
599 1503 846 1549 felicitatem
868 1502 1075 1561 agebant,
1101 1514 1304 1549 aeternam
1337 1519 1413 1547 ve-

38 1594 126 1622 ram
148 1588 189 1621 et
212 1574 529 1639 praeferendam
551 1573 875 1633 intelligebant,
897 1582 938 1617 et
962 1573 1086 1618 istam
1107 1573 1411 1619 ministrabant

37 1647 80 1693 in
108 1647 331 1709 mysterio,
365 1656 411 1690 ut
445 1644 564 1690 illam
597 1653 963 1708 consequerentur
996 1645 1041 1689 in
1066 1646 1263 1707 praemio.
1299 1644 1351 1687 Et
1380 1642 1413 1687 si

35 1717 214 1781 quando
246 1717 530 1781 patiebantur
574 1715 778 1769 adversa,
823 1713 878 1760 ad
917 1714 1005 1759 hoc
1040 1715 1338 1778 patiebantur,
1363 1723 1412 1758 ut

37 1788 355 1834 evidentissimo
367 1787 516 1832 divino
527 1785 747 1846 adjutorio
758 1784 948 1840 liberati,
962 1785 1255 1844 glorificarent
1271 1785 1409 1829 Deum

38 1860 233 1905 omnium
255 1859 474 1904 bonorum
495 1857 756 1917 largitorem,
771 1873 858 1901 non
869 1854 1006 1900 solum
1026 1856 1406 1918 sempiternorum,

39 1947 138 1993 quae
153 1930 223 1993 pie
242 1929 499 1992 sperabant,
527 1928 820 1973 verumetiam
837 1925 1160 1989 temporalium,
1189 1943 1291 1989 quae
1307 1941 1414 1989 pro-

39 2000 211 2064 phetice
229 1998 546 2059 gubernabant.

103 2069 177 2114 Vl.
220 2073 329 2114 (jum
364 2078 505 2113 autem
539 2066 658 2112 venit
691 2064 919 2129 plenitudo
947 2066 1178 2128 temporis,
1211 2075 1258 2110 ut
1278 2063 1415 2124 gratia

39 2156 136 2203 quae
152 2138 456 2183 occultabatur
471 2138 513 2182 in
529 2136 670 2182 Veteri
685 2138 1079 2194 TestamentQjam
1095 2135 1353 2180 revelaretur
1369 2133 1414 2178 in

43 2211 183 2263 Novo,
209 2208 320 2252 misit
345 2208 457 2252 Deus
482 2206 639 2252 Filium
657 2223 802 2261 suum,
822 2205 984 2250 factum
1010 2221 1056 2250 ex
1083 2204 1306 2259 muliere¹‚
1330 2220 1418 2267 quo
1467 2249 1469 2251 .

42 2279 215 2324 nominc
234 2279 499 2341 proprietate
520 2277 737 2322 hebraica}
758 2276 917 2335 linguae
940 2275 1078 2320 omnis
1097 2274 1279 2320 foemina
1300 2291 1418 2320 nun-

41 2359 246 2412 cupatur,
269 2348 355 2393 sive
377 2348 467 2393 viro
486 2347 647 2392 intacta
666 2383 676 2402 ,
706 2347 792 2391 sive
814 2349 903 2405 jam
937 2344 1079 2391 mixta.
1107 2345 1246 2401 Quem
1272 2355 1415 2392 autem

41 2419 199 2465 Filium
224 2418 414 2472 miserit,
436 2416 615 2480 fierique
638 2434 683 2462 ex
706 2415 882 2462 muliere
907 2413 1110 2471 voluerit,
1135 2425 1323 2478 quantus
1347 2415 1418 2462 ille

43 2490 158 2535 Deus
175 2489 253 2543 sit,
275 2489 350 2552 qui
368 2488 483 2533 lianc
500 2485 790 2533 humilitatem
816 2502 898 2549 pro
915 2484 1048 2530 salute
1065 2484 1258 2531 fidelium
1278 2485 1418 2531 susci-

44 2578 143 2627 pere
169 2560 369 2619 dignatus
401 2559 556 2615 fuerit,
593 2569 641 2605 ut
676 2573 901 2621 agnoscas,
925 2572 1043 2601 nunc
1068 2556 1240 2603 attende
1273 2557 1418 2606 Evan-

92 2644 102 2668 ¹
120 2644 226 2676 Galat.
246 2654 286 2684 iv,
307 2649 337 2679 4.
