1799 3251
505 301 718 335 EPIsTOLA
753 303 896 332 cxmx.
1308 308 1319 335 ι
1335 302 1392 354 79

28 388 118 418 non
141 392 162 414 «
186 371 439 417 Orationem
454 405 464 425 ,
488 390 509 410 »
534 368 607 414 sed
638 389 658 409 c<
687 367 995 414 Ado'rationem
1016 391 1036 411 >2
1070 369 1211 415 dicere
1242 372 1395 417 volue-

28 452 130 487 runt·
150 478 160 495 ‚
188 458 288 505 quae
310 441 456 504 potius
470 441 729 502 προσκὺψησις
742 437 878 483 dicitu
888 455 918 484 r.
947 438 1029 483 Sed
1049 440 1147 502 quia
1166 461 1185 480 <a
1205 441 1357 486 Oratio
1378 464 1397 483 »

28 512 248 558 interdum
272 522 453 558 vocatur
471 515 564 572 εὐχὴ
584 547 595 566 ‚
619 530 638 549 «
660 508 871 555 Adoratio
886 532 904 550 υ
928 520 1078 572 putata
1100 522 1161 556 est
1180 519 1389 575 προσευχὴ.

29 585 164 628 Porro
182 582 214 628 si
237 582 457 636 usitatius,
482 591 528 625 ut
553 579 661 632 dixi,
684 579 728 624 in
757 579 994 641 Scripturis
1020 590 1167 626 votum
1196 582 1396 645 appella-

28 663 101 699 tur
124 658 222 715 εὐχὴ
237 690 246 708 ,
271 648 452 715 excepto
468 650 643 696 nomine
666 649 851 710 generali
872 673 890 690 «
910 651 1131 696 Orationis
1148 688 1158 707 ‚
1184 674 1203 692 n
1223 670 1269 697 ea
1290 671 1399 715 pro-

28 723 123 787 prie
147 722 425 782 intelligenda
446 732 508 766 est
529 721 688 776 oratio,
715 730 845 784 quam
873 720 1054 766 facimus
1079 721 1132 767 ad
1152 735 1300 768 votum
1317 761 1327 776 ‚
1355 724 1398 769 id

29 803 118 849 est,
141 796 234 857 πρὸς
267 798 400 855 εὐχὴν.
438 789 660 837 Voventur
688 803 832 837 autem
869 792 1010 836 omnia
1034 809 1134 856 quae
1162 795 1401 840 offeruntur

30 865 141 919 Deo,
165 863 348 909 maxime
366 863 501 908 sancti
521 862 664 908 altaris
685 862 869 916 oblatio,
889 879 976 926 quo
1001 872 1271 910 sacramento
1291 883 1403 928 prae-

30 934 202 981 dicatu-r
218 944 413 979 nostrum
426 932 535 979 illud
550 943 700 979 votum
724 933 956 978 maximum
975 970 987 988 ,
1004 950 1092 997 quo
1111 951 1187 979 nos
1205 937 1404 981 vovimus

29 1004 75 1053 in
102 1004 283 1052 Christo
314 1020 401 1049 esse
433 1020 684 1059 mansuros,
719 1003 871 1066 utique
905 1003 951 1048 in
976 1020 1187 1066 compage
1211 1008 1407 1069 corporis

32 1073 214 1120 Christi.
255 1074 393 1133 Cujus
423 1074 485 1119 rei
506 1082 824 1125 sacramentum
857 1084 946 1128 est,
971 1075 1091 1136 quod
1117 1092 1227 1121 unus
1257 1077 1404 1139 panis,

32 1154 166 1191 unum
191 1161 354 1208 corpus
381 1144 509 1190 multi
528 1143 720 1191 sumusst.
750 1144 853 1189 Ideo
875 1144 918 1189 in
950 1144 1082 1204 liujus
1104 1146 1410 1193 sanctificatio—

31 1215 97 1260 nis
134 1215 484 1278 praeparatione,
519 1215 711 1260 existimo
752 1214 1009 1278 Apostolum
1040 1217 1211 1275 jussisse
1232 1219 1413 1281 proprie

32 1285 126 1331 fieri
149 1288 368 1349 ωροσευχάς
385 1323 394 1341 ,
429 1285 473 1331 id
510 1296 602 1341 est,
630 1308 649 1327 «
676 1286 932 1341 Orationes,
959 1306 977 1326 »
1010 1285 1110 1348 vel(
1130 1297 1178 1331 ut
1210 1287 1411 1333 nonnulli

34 1356 178 1402 minus
201 1356 338 1419 perite
362 1356 636 1419 interpretati
662 1356 793 1418 sunt)
816 1378 834 1396 «
852 1360 884 1400 A
894 1356 1160 1413 dorationes3
1181 1379 1200 1399 n
1220 1357 1307 1404 hoc
1327 1370 1411 1414 est,

34 1426 147 1472 enim
170 1426 223 1472 ad
248 1437 399 1472 votum
418 1463 428 1478 ‚
449 1425 568 1489 quod
595 1425 790 1472 usitatius
810 1427 855 1471 in
874 1426 1112 1489 Scripturis
1132 1439 1416 1492 nuncupatur

32 1502 143 1559 εὐχὴ.
186 1518 206 1538 α
226 1495 604 1559 Interpellationes
624 1518 643 1538 >³
669 1507 834 1551 autem,
871 1496 958 1541 sive
974 1533 984 1551 ,
1018 1507 1065 1541 ut
1088 1498 1217 1544 vestri
1241 1499 1413 1545 codices

33 1567 199 1612 habent
214 1603 226 1622 ‚
245 1587 263 1608 ε(
281 1566 620 1622 Postulationes‚
637 1588 657 1608 »
672 1567 784 1612 fiunt
801 1583 900 1612 cum
913 1567 1106 1630 populus
1120 1568 1409 1617 benedicitur:

33 1639 158 1684 Tunc
186 1637 300 1683 enim
320 1637 529 1683 antistites
548 1637 669 1684 velut
691 1637 897 1683 advocati·
917 1673 929 1695 ,
961 1649 1182 1700 susceptos
1210 1656 1308 1686 suos
1333 1658 1411 1703 per

32 1725 185 1754 manus
198 1707 516 1771 impositionem
538 1708 948 1754 misericordissimae
974 1709 1159 1754 offerunt
1186 1711 1405 1772 potestati.

34 1779 207 1836 Quibus
231 1779 418 1842 peractis
437 1789 480 1823 et
503 1779 766 1842 participato
788 1789 905 1823 tanto
933 1778 1229 1836 sacramento,
1253 1801 1273 1822 c<
1300 1782 1409 1827 Gra-

35 1870 54 1890 »
79 1848 237 1894 tiarum
267 1848 421 1894 actio»
461 1858 622 1894 cuncta
653 1847 903 1903 concludit,
943 1865 1074 1911 quam
1111 1849 1156 1894 in
1189 1850 1256 1895 his
1280 1852 1407 1897 etiam

32 1919 175 1965 verbis
194 1918 392 1964 ultimam
417 1918 740 1964 commendavit
766 1918 1012 1981 Apostolus.

96 1990 237 2035 XVII.
265 1990 373 2035 Haec
407 1999 548 2034 autem
583 2006 712 2035 causa
750 1991 976 2052 praecipua
999 1989 1082 2036 fuit
1100 1993 1180 2037 ista
1205 1991 1404 2050 dicendi,

34 2072 82 2107 ut
107 2061 174 2106 his
198 2060 386 2105 breviter
403 2061 640 2124 perstrictis
659 2071 788 2124 atque
809 2060 1059 2120 significatis
1077 2079 1164 2107 non
1181 2074 1410 2127 putaretur

34 2131 333 2192 negligendum
354 2144 440 2176 esse
458 2130 577 2194 quod
599 2132 793 2194 sequitur
814 2149 824 2176 :
852 2152 870 2171 α
888 2133 974 2176 Pro
988 2133 1191 2178 omnibus
1211 2134 1408 2181 homini-

36 2226 55 2243 »
77 2203 184 2249 bus.
212 2219 294 2264 pro
317 2202 514 2261 regibus,
548 2212 589 2247 et
625 2201 694 2246 liis
717 2203 794 2265 qui
825 2202 868 2247 in
904 2202 1169 2249 sublimitate
1204 2217 1330 2263 sunt,
1358 2219 1406 2254 ut

37 2295 56 2314 »
81 2273 269 2336 quietam
294 2281 335 2316 et
365 2271 648 2334 tranquillam
673 2272 806 2318 vitam
832 2289 1007 2332 agamus
1037 2273 1082 2318 in
1107 2276 1226 2321 omni
1248 2277 1407 2340 pietate

37 2369 55 2384 υ
79 2354 122 2387 ot‘
139 2342 381 2388 charitate¹2
405 2360 415 2386 :
442 2363 459 2381 n
479 2359 531 2386 ne
552 2342 809 2405 quisquam,
836 2343 948 2387 sicut
975 2359 1016 2387 se
1041 2343 1175 2390 habet
1198 2346 1405 2395 humanae

35 2413 306 2474 cogitationis
327 2413 577 2467 infirmitas,
608 2413 864 2458 existimaret
886 2430 972 2458 non
1001 2430 1086 2459 esse
1105 2415 1181 2461 ista
1209 2416 1404 2466 facienda

35 2501 117 2548 pro
147 2484 239 2539 his,
270 2501 292 2528 a
314 2483 477 2546 quibus
510 2483 852 2545 persecutionem
891 2483 1144 2545 patiebatur
1184 2489 1400 2547 Ecclesia,

37 2570 138 2600 cum
168 2553 366 2598 membra
402 2552 568 2598 Christi
593 2570 641 2598 ex
676 2553 795 2598 omni
828 2563 964 2598 essent
997 2553 1227 2602 hominum
1261 2577 1412 2619 genere

87 2638 95 2659 ¹
122 2648 132 2667 1
150 2638 411 2677 Cur.x‚17.—-
428 2634 443 2658 2
465 2647 477 2668 1
499 2635 582 2668 Tim.
601 2644 637 2674 ¹¹,
653 2646 686 2667 α.

1213 2711 1280 2742 12.
