1799 3251
366 234 453 269 110
762 227 796 261 S.
839 227 1082 261 AUGUSTINI
1117 224 1319 259 EPISCOPI

363 301 587 365 aliquanto
610 296 774 343 diutius
796 294 975 355 cogitari
1013 292 1258 356 oportebat.
1291 290 1375 338 Sed
1406 307 1507 339 cum
1529 302 1648 340 tanta
1665 306 1730 340 res

362 381 486 428 esset,
510 386 610 433 quae
633 363 864 427 cogitando
888 381 977 410 non
994 374 1083 409 tam
1104 361 1211 426 quid
1230 361 1283 408 de
1305 379 1352 408 ea
1375 362 1643 409 sentiendum
1664 363 1728 410 di-

365 435 654 488 dicendumve
689 445 817 491 esset,
846 451 976 499 quam
1001 449 1192 497 quonam
1223 431 1353 478 modo
1378 433 1727 496 persuadendum

366 512 416 557 iis
431 511 507 575 qui
521 509 688 555 diversa
711 505 933 560 sentirent,
955 504 1072 549 fieret
1090 501 1322 560 difficilior,
1344 503 1473 548 finem
1496 503 1730 568 aliquando

369 579 567 627 dilationi
590 575 888 624 adhibendum
924 574 1107 638 putavi,
1135 590 1311 637 sperans
1338 573 1534 620 divinum
1561 574 1737 635 adjuto-

372 653 485 698 rium
525 649 661 709 magis
676 646 803 693 ‘mihi
833 645 1040 692 scribenti
1063 661 1193 707 quam
1232 642 1444 690 differenti
1483 646 1732 693 affuturum.

374 722 671 780 Quamobrem
693 720 887 782 primum
914 715 1024 761 mihi
1056 714 1228 762 videtur
1248 751 1258 770 ‚
1292 714 1391 778 plus
1413 714 1553 762 valere
1578 717 1624 763 in
1657 717 1767 767 hac,

373 791 651 857 inquisitione
680 786 854 835 vivendi
886 802 1019 848 quam
1052 783 1263 846 loquendi
1298 783 1492 832 modum.
1527 787 1638 832 Nam
1666 786 1744 850 qui

376 864 624 910 didicerunt
642 878 664 906 a
698 859 886 905 Domino
912 857 937 901 J
941 872 1014 901 esu
1040 854 1213 900 Christo
1239 855 1362 900 mites
1385 873 1470 901 esse
1494 867 1536 902 et
1558 856 1745 903 humiles

379 931 540 979 eorde1
562 969 572 988 ‚
600 930 699 994 plus
722 926 952 989 cogitando
978 935 1019 971 et
1045 924 1209 970 orando
1232 924 1468 988 proficiunt
1485 962 1498 982 ,
1525 942 1657 989 quam
1680 926 1745 973 le-

378 1003 516 1065 gendo
551 1013 592 1048 et
629 998 859 1046 audiendo.
903 998 992 1043 Nec
1026 994 1123 1041 ideo
1155 1007 1297 1041 tamen
1335 1012 1456 1055 agere
1481 1008 1626 1060 partes
1650 1014 1747 1049 suas

376 1090 515 1119 sermo
535 1070 790 1126 cessaverit3
824 1067 896 1114 sed
925 1083 1026 1113 cum
1049 1066 1270 1129 plantator
1291 1076 1332 1111 et
1363 1066 1524 1125 rigator
1558 1067 1748 1114 officium

378 1144 443 1190 sui
461 1143 631 1203 gesserit
649 1139 838 1186 muneris
856 1176 866 1196 ‚
898 1148 1051 1184 caetera
1078 1136 1142 1182 illi
1165 1174 1176 1193 ,
1214 1136 1290 1200 qui
1311 1136 1384 1182 dat
1403 1137 1717 1184 incrementum
1735 1175 1746 1193 ,

379 1214 612 1277 relinquit:
638 1211 710 1258 ille
736 1209 903 1273 quippe
926 1209 1055 1255 etiam
1091 1207 1237 1271 ipsum
1261 1206 1551 1270 plantatorem
1585 1209 1750 1269 rigato-

383 1301 558 1348 remque
581 1282 798 1329 formavit.

448 1355 508 1401 ll.
528 1353 778 1400 Secundum
790 1351 1037 1397 interiorem
1052 1350 1183 1410 igitur
1193 1349 1416 1395 hominem
1431 1351 1609 1414 percipe
1622 1351 1754 1398 verba

383 1425 673 1472 intellectus2.
700 1425 797 1486 Ipse
820 1422 931 1467 enim
957 1431 1191 1467 renovatur
1218 1419 1271 1465 de
1297 1420 1366 1466 die
1392 1421 1436 1466 in
1454 1421 1568 1467 diem
1588 1459 1598 1478 ‚
1626 1422 1755 1467 etiam

385 1513 487 1542 cum
507 1495 686 1541 exterior
710 1494 788 1539 iste
807 1492 1122 1555 corrumpitur,
1149 1491 1235 1537 sive
1252 1492 1526 1551 castigatione
1541 1493 1757 1538 abstinen-

389 1567 480 1622 tiae,
502 1566 589 1612 sive
610 1564 754 1628 aliqua
775 1562 975 1608 morbida
1003 1561 1266 1616 valetudine,
1291 1562 1378 1607 sive
1403 1562 1601 1624 quolibet
1624 1579 1725 1608 casu
1743 1598 1754 1617 ,

390 1636 457 1683 vel
478 1646 592 1681 certe
605 1634 724 1698 quod
742 1650 909 1679 necesse
932 1643 992 1678 est
1016 1633 1144 1677 etiam
1168 1632 1235 1686 iis,
1260 1632 1337 1695 qui
1361 1649 1463 1677 sano
1484 1649 1665 1696 corpore
1682 1632 1758 1678 diu

390 1706 561 1760 vivunt,
587 1705 681 1768 ipso
705 1703 840 1749 aetatis
855 1719 1038 1748 accessu.
1072 1702 1197 1761 Erige
1218 1702 1363 1765 itaque
1387 1703 1587 1765 spiritum
1608 1703 1761 1748 mentis

394 1785 499 1831 tuae,
520 1775 596 1838 qui
617 1784 850 1820 renovatur
870 1773 914 1818 in
934 1772 1150 1832 agnitione
1175 1772 1251 1817 Dei
1271 1772 1508 1818 secundum
1532 1774 1761 1834 imaginem

395 1849 485 1904 ejus
505 1845 580 1907 qui
598 1844 758 1889 creavit
774 1860 869 1888 eum
889 1862 900 1895 ;
923 1843 999 1887 ubi
1024 1860 1101 1905 per
1127 1842 1257 1888 fidem
1282 1843 1327 1887 in
1352 1852 1392 1887 te
1418 1842 1589 1889 habitat
1609 1844 1762 1890 Chris-

397 1926 492 1968 tus;
530 1914 607 1959 ubi
636 1930 724 1959 non
751 1924 812 1959 est
835 1912 1017 1958 Judaeus
1052 1924 1093 1958 et
1127 1914 1308 1958 Graecus
1327 1950 1336 1966 ‚
1367 1929 1511 1960 servus
1543 1924 1586 1959 et
1621 1914 1732 1959 liber
1752 1948 1763 1969 ‚

397 1985 614 2031 masculus
634 1994 675 2029 et
692 1983 903 2029 soeminass
932 2001 942 2028 ι
980 1984 1058 2029 ubi
1084 2001 1171 2029 non
1197 1982 1390 2028 morieris
1409 2000 1507 2028 cum
1532 1983 1641 2030 solvi
1664 2001 1764 2030 cor-

398 2072 503 2119 pore
521 2054 730 2117 coeperis3
751 2054 853 2117 quia
871 2070 949 2099 nec
973 2054 1037 2099 ibi
1062 2053 1282 2099 marcuisti
1301 2090 1312 2108 ,
1333 2069 1433 2098 cum
1458 2055 1511 2099 sis
1533 2055 1653 2100 annis
1673 2071 1766 2114 gra-

398 2125 475 2171 vis.
497 2124 593 2169 Hoc
610 2123 810 2169 interiore
832 2134 906 2169 tuo
920 2134 1058 2169 erecta
1079 2124 1275 2179 intende,
1298 2133 1338 2168 et
1360 2122 1456 2169 vide
1471 2141 1571 2187 quae
1590 2124 1761 2188 loquor.

403 2193 513 2240 Nolo
537 2193 834 2239 auctoritatem
861 2210 996 2239 meam
1021 2195 1226 2258 sequaris,
1256 2204 1303 2239 ut
1321 2193 1416 2239 ideo
1440 2205 1565 2257 putes
1583 2196 1663 2241 tibi
1686 2196 1768 2243 ali-

400 2263 510 2327 quid
544 2280 711 2309 necesse
734 2280 820 2308 esse
844 2263 1018 2308 credere
1038 2301 1047 2318 ‚
1090 2265 1294 2326 quoniam
1320 2281 1342 2308 a
1367 2281 1434 2309 me
1465 2264 1624 2312 dicitur
1648 2284 1658 2312 ε
1696 2267 1768 2313 secl

405 2345 479 2380 aut
504 2334 742 2397 Scripturis
763 2334 982 2379 canonicis
1005 2334 1154 2380 credas
1170 2372 1180 2389 ‚
1209 2335 1241 2380 si
1277 2333 1384 2397 quid
1407 2336 1602 2382 nondum
1637 2354 1768 2400 quam

405 2420 554 2449 verum
569 2403 750 2449 sitvides
763 2441 773 2460 ,
794 2415 869 2450 aut
889 2404 1064 2450 interius
1087 2404 1402 2450 demonstranti
1422 2406 1608 2463 veritati,
1624 2418 1670 2453 ut
1684 2408 1770 2453 hoc

404 2474 537 2537 plane
556 2473 713 2520 videas.

455 2557 463 2577 ¹
483 2555 596 2588 Manli.
615 2567 679 2591 xxi,
701 2568 754 2596 ²9·
774 2575 818 2580 -—
836 2555 851 2578 2
872 2569 888 2588 2
910 2558 985 2591 Cor.
1009 2567 1053 2598 iv,
1077 2559 1187 2591 16.—
1204 2555 1218 2581 3
1235 2558 1354 2592 Coloss.
1372 2570 1430 2604 111,
1450 2559 1776 2607 102Fplle52111,17,

405 2611 701 2652 e10a1a2.111‚28.
