1799 3251
284 293 374 347 284
689 304 723 333 5.
767 301 1005 333 ,1060511111
1044 299 1243 333 1101500111

282 369 389 415 110111
412 368 610 432 expedita
637 378 755 414 tanto
776 367 978 423 vinculo,
1007 378 1054 414 ut
1074 378 1183 431 puto
1202 405 1212 423 ,
1239 377 1421 430 apparet
1444 378 1652 431 praestan-

282 441 379 494 tior,
407 450 448 485 et
473 440 611 485 omnis
628 439 703 485 illa
723 439 845 501 quies
867 438 1070 502 spiritalis
1086 475 1096 493 ‚
1124 437 1328 483 omnibus
1350 438 1651 500 perturbatio-

281 511 411 556 nibus
429 521 469 555 et
491 509 711 555 erroribus
735 508 915 554 liberam
945 508 1237 563 demonstrat,
1274 525 1361 552 non
1383 507 1619 553 marcidam
1638 544 1649 565 ‚

281 591 322 626 et
335 581 454 643 quasi
471 596 658 639 segnem,
678 590 718 624 et
736 578 951 641 torpidam
969 616 978 634 ,
994 589 1033 623 01
1049 577 1317 641 implicatam
1331 578 1434 623 facit
1457 598 1467 631 ;
1490 578 1655 641 quippe

282 651 353 696 cui
371 650 529 696 sufficit
548 649 714 713 perfrui
736 649 863 694 etiam
885 650 976 712 ipsa
998 649 1219 693 libertate.
1245 665 1374 710 quam
1398 647 1552 711 adepta
1573 659 1651 701 est,

282 737 382 766 cum
408 719 572 765 mundo
591 730 632 765 et
651 736 833 782 corpore
852 729 994 771 caret3
1021 736 1118 763 nam
1147 717 1411 762 intellectum
1437 735 1483 762 ea
1509 718 1651 779 pasci,

281 803 322 837 et
349 808 503 852 ponere
525 808 570 837 os
589 791 812 854 spirituale
843 790 895 835 ad
918 790 1078 834 fontem
1105 789 1205 834 vitae
1225 787 1461 850 prudenter
1485 788 1624 833 dixisti
1640 825 1652 844 ,

285 861 361 906 ubi
392 871 452 905 est
472 861 569 906 felix
598 873 639 906 et
663 861 786 905 beata
813 860 1078 923 proprietate
1114 859 1266 903 mentis
1284 857 1417 904 suae'l.
1445 857 1554 903 Nam
1583 858 1656 903 ali·

282 931 458 995 quando
480 949 555 991 ego
580 932 808 977 Servilium
838 931 1010 976 fratrem
1033 940 1130 993 post
1146 933 1236 988 ejus
1260 929 1417 973 exitum
1446 946 1521 991 per
1543 946 1653 973 som-

282 1003 401 1048 nium
423 1001 513 1047 vidi
537 1002 684 1048 adhuc
714 1003 879 1065 positus
905 1002 949 1046 in
985 1000 1264 1051 monasterio,
1287 999 1362 1061 qui
1382 998 1510 1055 dixit,
1533 998 1652 1063 quod

281 1089 357 1117 nos
394 1089 471 1134 per
504 1072 712 1118 rationem
746 1072 993 1117 laboremus
1019 1070 1189 1116 tendere
1216 1069 1270 1115 ad
1292 1069 1555 1115 intellectum
1574 1107 1585 1126 ‚
1612 1087 1654 1115 se

278 1153 421 1187 autem
455 1152 496 1187 et
517 1142 619 1187 tales
638 1142 680 1187 in
713 1143 803 1205 ipsa
827 1140 1209 1203 contemplationis
1238 1140 1521 1185 delectatione
1554 1157 1653 1185 ma-

281 1229 393 1258 ΠΘΓΟ.
428 1235 447 1253 1)

346 1284 448 1327 xit.
480 1304 500 1322 «
524 1283 630 1327 Peto
655 1298 828 1346 quoque
854 1292 900 1326 ut
922 1291 1030 1343 quot
1065 1278 1202 1324 modis
1227 1278 1434 1342 sapientia
1459 1278 1649 1336 dicatur,

282 1352 479 1398 ostendas
508 1353 643 1407 1111111,
684 1363 731 1397 111
763 1351 971 1415 sapientia
1004 1351 1139 1405 Deus,
1172 1359 1219 1394 ut
1247 1348 1456 1411 sapientia
1487 1348 1656 1394 animus

279 1424 446 1487 sapiens
465 1461 475 1479 ,
503 1423 725 1486 quomodo
761 1422 924 1468 dicitur
944 1432 992 1466 ut
1025 1421 1122 1476 lux,
1150 1430 1194 1464 ut
1224 1419 1433 1482 sapientia
1467 1419 1655 1464 Beseleel

279 1495 355 1557 qui
393 1493 630 1539 fabricatus
666 1503 728 1538 est
761 1491 1144 1545 'sabernaculum
1184 1489 1249 1535 vel
1292 1488 1652 1548 unguentarium,

282 1575 329 1609 ut
353 1564 562 1626 sapientia
583 1563 825 1609 Salomonis
844 1600 854 1618 ‚
881 1563 946 1608 vel
970 1562 1004 1607 si
1030 1578 1115 1624 qua
1138 1571 1200 1605 est
1221 1559 1301 1604 alia
1319 1596 1329 1615 ,
1358 1570 1399 1604 et
1420 1559 1526 1621 quid
1547 1559 1657 1605 invi-

281 1651 373 1679 cem
399 1634 595 1679 distent:
624 1644 667 1680 et
705 1645 852 1679 utrum
881 1650 965 1679 una
1001 1632 1074 1677 illa
1114 1630 1322 1694 sapientia
1357 1640 1520 1675 aeterna
1556 1646 1656 1675 cum

281 1705 408 1748 Patre
428 1704 469 1748 in
498 1703 565 1748 his
594 1703 802 1764 gradibus
824 1701 1102 1762 intelligenda
1137 1702 1214 1754 sit,
1245 1699 1466 1764 quomodo
1493 1699 1658 1744 diversa

282 1790 457 1818 munera
490 1773 701 1819 dicuntur
729 1773 919 1837 Spiritus
943 1771 1106 1826 51111011,
1129 1771 1205 1834 qui
1237 1770 1395 1816 dividit
1423 1770 1658 1832 unicuique

286 1844 463 1906 propria
499 1854 630 1907 prout
652 1843 765 1889 vult.
791 1846 856 1889 An
884 1852 1058 1905 excepta
1083 1841 1155 1886 illa
1187 1841 1277 1886 sola
1296 1840 1501 1902 sapientia
1518 1876 1528 1895 ‚
1559 1856 1659 1902 quae

283 1913 397 1958 faeta
423 1930 509 1958 non
529 1924 617 1969 051,
644 1914 737 1958 istae
757 1914 883 1958 factae
911 1923 1036 1966 511111,
1067 1922 1105 1956 et
1125 1911 1352 1973 propriam
1371 1910 1535 1955 habent
1558 1910 1658 1954 sub-

281 1983 515 2028 stantiam?
535 1984 600 2027 An
619 1984 769 2028 effecta
795 1994 891 2028 sunt
913 1993 1017 2026 etex
1044 1981 1296 2026 definitione
1320 1980 1460 2042 operis
1481 1996 1657 2042 accepe-

282 2055 414 2098 runt?
454 2052 592 2097 Multa
618 2053 818 2115 requiro‚
846 2052 919 2096 det
955 2051 1037 2096 tibi
1068 2050 1277 2095 Dominus
1304 2060 1345 2094 et
1381 2049 1561 2109 gratiam
1594 2049 1659 2093 in-

283 2122 508 2178 veniendi,
545 2133 587 2168 et
622 2122 879 2185 sapientiam
917 2120 1145 2175 dictandi,
1184 2129 1225 2164 et
1264 2118 1317 2163 ad
1351 2136 1427 2164 nos
1461 2119 1655 2164 celeriter

286 2193 517 2239 scribendi.
548 2193 752 2256 Imperite
776 2203 816 2237 et
839 2192 996 2237 rustice
1026 2189 1210 2253 scripsi:
1239 2188 1310 2233 sed
1336 2189 1436 2251 quia
1467 2188 1658 2249 dignaris

284 2280 404 2309 nosse
419 2263 526 2326 quid
549 2280 742 2327 quaeram
760 2300 769 2318 ‚
788 2280 866 2326 per
892 2262 1117 2308 Christum
1144 2260 1382 2306 Dominum
1414 2260 1592 2305 obsecro
1613 2270 1660 2304 ut

284 2335 328 2380 in
349 2334 416 2378 his
439 2334 628 2394 corrigas
660 2351 750 2392 me,
770 2345 811 2380 et
829 2333 982 2380 doceas
1002 2331 1119 2396 quod
1147 2331 1350 2392 intelligis
1368 2348 1435 2376 me
1454 2330 1560 2376 scire
1584 2347 1658 2376 cu-

287 2421 401 2467 pere·
427 2426 445 2446 ))

334 2516 432 2548 ¹11ib.
453 2529 482 2558 9.
500 2516 592 2550 Conf.
614 2528 641 2549 c.
662 2517 693 2550 3,
711 2526 742 2548 n.
762 2518 793 2547 6.
