1799 3251
313 268 405 315 20ss
713 285 747 313 s.
791 282 1034 316 aueusrlm
1067 283 1270 316 Emseopr

309 366 381 406 ea,
402 364 502 412 quae
522 347 632 395 mihi
651 348 896 395 commodet
913 349 1002 396 sine
1015 350 1243 414 pendentis
1265 348 1546 396 incommodo
1561 387 1572 406 ,
1592 348 1680 397 imo

312 435 412 482 quae
434 419 544 465 mihi
569 418 817 470 commodet
833 436 933 465 cum
954 419 1090 479 gloria
1109 419 1404 483 dependentis.
1434 442 1454 462 »

376 491 435 538 ΙΙ.
465 511 484 532 «
508 489 715 550 Officium
735 490 962 536 sacerdotii
980 491 1109 536 vestri
1128 508 1213 536 esse
1227 490 1371 536 dicitis
1389 528 1399 544 ‚
1426 490 1683 538 intervenire

311 577 392 626 pro
410 560 490 610 reis
506 597 517 617 ,
540 570 580 605 et
600 559 680 604 nisi
705 559 932 605 obtineatis
954 596 964 615 ‚
992 560 1150 606 offendi
1165 597 1175 616 ‚
1203 563 1325 623 quasi
1343 559 1462 623 quod
1483 570 1573 605 erat
1593 559 1686 605 offi-

314 630 530 686 ciivestri‚
556 629 733 675 minime
752 630 988 691 reportetis.
1011 630 1094 675 llic
1113 647 1189 689 ego
1214 631 1485 675 vehementer
1510 630 1685 690 ambigo

314 712 462 747 utrum
500 699 616 745 istud
649 716 695 744 ex
730 699 934 758 religione
965 699 1212 745 descendat.
1251 701 1358 744 Nam
1385 700 1419 744 si
1444 717 1467 744 a
1498 699 1687 745 Domino

316 781 494 834 peccata
519 770 625 815 adeo
650 769 944 832 prohibentur
969 787 979 814 z
1011 780 1059 814 ut
1081 786 1133 814 ne
1157 769 1401 832 poenitendi
1423 769 1598 831 quidem
1619 785 1690 815 co-

316 841 389 903 pia
402 849 503 903 post
516 840 702 902 primam
716 838 955 896 tribuatur3
970 838 1342 902 quemadmodum
1362 856 1439 884 nos
1461 854 1690 902 possumus

317 928 364 957 ex
389 910 593 969 religione
621 908 878 954 contendere
895 946 904 964 ‚
927 920 975 954 ut
1000 909 1124 954 nobis
1139 908 1455 972 qualecumque
1479 908 1589 954 illud
1609 908 1692 954 cri-

317 998 418 1028 men
443 979 597 1036 fuerit‚
632 979 907 1025 dimittatur?
939 979 1058 1042 quod
1085 980 1263 1042 utique,
1292 996 1391 1025 cum
1424 979 1697 1042 impunitum

317 1051 543 1107 volumus,
562 1049 815 1112 probamus.
849 1050 903 1094 Et
931 1050 964 1094 si
994 1059 1163 1095 constat
1182 1066 1270 1094 non
1299 1050 1444 1095 minus
1475 1059 1699 1094 auctorem

320 1137 452 1184 quam
484 1119 765 1182 probatorem
801 1118 934 1164 teneri
955 1118 1000 1163 in
1027 1119 1260 1174 omnibus,
1292 1135 1393 1182 quae
1424 1129 1696 1181 peccantur3

319 1201 485 1236 certum
510 1199 571 1234 est
603 1204 679 1233 nos
704 1186 849 1250 culpae
873 1188 1074 1233 societate
1098 1188 1281 1254 vinciri,
1311 1188 1480 1252 quoties
1502 1205 1600 1234 eum
1618 1188 1700 1233 im-

318 1262 526 1325 punitum
545 1276 632 1305 esse
649 1258 874 1320 cupimUS‚
895 1259 971 1321 qui
989 1259 1133 1322 culpae
1146 1269 1316 1305 tenetur
1333 1259 1559 1305 obnoxius.
1583 1259 1700 1304 Tum

321 1341 531 1394 praeterea
556 1328 724 1374 accedit
744 1328 831 1374 hoc
854 1328 975 1391 quod
997 1329 1169 1388 gravius
1192 1339 1264 1375 est.
1302 1330 1413 1374 Nam
1435 1328 1580 1375 omnia
1598 1344 1701 1391 pec-

323 1411 419 1447 cata
437 1400 639 1448 videntur
654 1397 962 1455 veniabiliora,
987 1415 1088 1444 cum
1111 1400 1146 1444 is
1164 1436 1175 1456 ,
1201 1399 1279 1462 qui
1299 1416 1396 1444 reus
1419 1409 1505 1455 est,
1531 1415 1700 1444 correc-

323 1472 484 1518 tionem
508 1469 752 1534 promittit:
777 1485 925 1514 verum
951 1485 1069 1514 nunc
1086 1506 1096 1525 ‚
1118 1480 1166 1515 ut
1183 1486 1321 1515 mores
1346 1470 1481 1514 nostri
1503 1479 1630 1524 sunt,
1659 1479 1700 1514 et

322 1541 490 1587 sceleris
508 1556 687 1604 poenam
704 1538 892 1601 cupiunt
909 1538 1107 1584 homines
1121 1539 1205 1584 sibi
1225 1539 1426 1594 relaxari,
1447 1549 1489 1584 et
1505 1538 1551 1584 id
1567 1555 1702 1602 prop-

324 1622 388 1656 ter
405 1609 527 1674 quod
541 1607 678 1654 scelus
697 1607 930 1653 admissum
949 1618 1010 1653 est
1028 1645 1038 1663 ,
1060 1608 1292 1670 possidere.
1325 1610 1410 1653 Pro
1435 1608 1504 1653 his
1527 1623 1702 1670 quoque

322 1676 694 1725 interveniendum
720 1686 849 1739 putat
886 1676 1175 1722 sacerdotium
1209 1687 1426 1732 vestrum,
1455 1676 1509 1722 de
1539 1678 1702 1739 quibus

326 1748 433 1794 adeo
464 1746 602 1793 futuri
634 1745 755 1791 nulla
783 1763 878 1808 spes
901 1757 964 1792 est
981 1783 991 1800 ‚
1018 1757 1066 1792 ut
1089 1747 1216 1792 etiam
1247 1748 1293 1792 in
1319 1747 1522 1810 praesenti
1552 1747 1703 1792 eadem

323 1818 514 1864 criminis
538 1817 646 1862 ratio
669 1820 941 1879 perseveret?
969 1818 1080 1861 Nam
1107 1817 1184 1879 qui
1210 1828 1296 1862 tam
1328 1817 1615 1880 pervicaciter
1634 1826 1703 1860 te-

322 1900 397 1935 net
410 1897 592 1951 propter
608 1902 708 1949 quae
730 1885 894 1930 crimen
916 1886 1115 1942 admisit,
1142 1885 1330 1932 ostendit
1347 1903 1412 1941 se,
1436 1886 1514 1931 ubi
1531 1885 1706 1932 licentia

323 1959 476 2013 fuerit,
504 1955 659 2003 similia
678 1966 979 2018 peccaturum.
1012 1977 1033 1997 »

388 2029 472 2074 III.
503 2048 523 2068 «
546 2026 620 2071 Ob
640 2025 740 2070 haec
756 2025 889 2085 igitur
907 2025 1087 2072 consulo
1106 2026 1383 2089 prudentiam
1401 2036 1519 2071 tuam
1539 2062 1551 2082 ,
1574 2035 1616 2071 et
1634 2042 1704 2072 me

323 2100 411 2145 hoc
423 2096 628 2156 ambiguo
645 2132 655 2150 ,
672 2112 760 2158 quo
776 2095 928 2141 laboro
943 2132 955 2152 ‚
973 2096 1140 2143 absolvi
1159 2095 1356 2142 desidero
1375 2113 1385 2141 :
1404 2112 1484 2141 nec
1504 2095 1562 2140 ob
1577 2094 1704 2147 aliam

325 2183 498 2213 causam
522 2164 768 2211 consultum
791 2175 831 2210 te
854 2175 993 2228 putes.
1023 2166 1243 2211 Caeterum
1263 2165 1351 2211 boc
1368 2165 1481 2211 mihi
1503 2163 1705 2228 propesi-

324 2250 416 2284 tum
439 2247 500 2283 est
516 2273 527 2292 ‚
555 2245 604 2280 ut
620 2235 976 2280 intercessoribus
990 2271 1001 2291 ,
1024 2235 1265 2298 praesertim
1287 2235 1383 2280 talis
1403 2234 1544 2280 meriti
1565 2233 1705 2297 qualis

325 2320 373 2354 tu
396 2325 463 2366 es,
487 2306 616 2352 etiam
645 2304 827 2364 gratiam
852 2321 989 2364 agam.
1016 2305 1228 2368 Pleraque
1249 2304 1363 2350 enim
1381 2341 1392 2360 ‚
1419 2320 1520 2367 quae
1549 2313 1704 2366 sponte

324 2380 463 2425 facere
486 2375 625 2425 videri
650 2375 777 2430 nolo,
806 2392 860 2421 ne
882 2374 1074 2420 remissio
1098 2375 1335 2421 severitatis
1364 2374 1468 2419 alios
1503 2383 1638 2419 armet
1658 2373 1705 2419 in

323 2448 501 2495 crimina
521 2483 531 2503 ,
569 2455 676 2508 opto
711 2444 839 2490 bonis
870 2445 1228 2490 intercessoribus
1259 2444 1469 2499 relaxare,
1506 2454 1553 2488 ut
1581 2441 1703 2505 quod

271 2531 279 2538 '
323 2519 464 2563 libens
486 2514 678 2561 concedo
696 2550 708 2570 ‚
739 2513 855 2560 salva
893 2514 1113 2560 severitate
1131 2513 1313 2574 judicii,
1342 2513 1515 2558 alterius
1549 2512 1702 2557 merito

313 2587 511 2635 videatur
531 2582 772 2630 indultum.
805 2584 869 2629 De
886 2583 1058 2646 scriptis
1074 2583 1313 2629 sanctitatis
1332 2593 1420 2628 tuae
1435 2582 1577 2645 aliqua
1591 2580 1701 2627 mihi
