1799 3251
553 298 764 332 EPISTOLA
802 299 965 335 chvi‘i.
1372 303 1458 354 129

90 377 137 413 ut
154 378 238 432 pro
250 367 417 414 viribus
429 367 586 413 nostris
599 383 810 413 conemur
830 367 1053 414 ostendere
1071 370 1292 433 quomodo
1312 382 1352 416 et
1370 372 1457 418 hoc

91 438 381 501 temporaliter
393 438 482 494 fiat,
494 455 595 484 cum
607 437 652 482 in
670 437 996 501 Deiconspeetu
1008 439 1094 484 sint
1108 441 1252 486 omnia
1266 458 1451 504 semper.

153 509 311 556 xxvi.
343 509 472 554 Nunc
499 507 613 553 enim
641 507 857 570 quaeritur
878 508 1101 571 quomodo
1124 510 1322 556 videatur
1343 513 1458 557 Deus

87 596 174 624 non
197 596 245 624 ea
261 579 420 642 specie,
438 595 523 642 qua
537 579 640 624 etin
664 578 743 623 isto
767 578 926 624 saeculo
945 579 1207 642 quibusdam
1223 581 1362 627 voluit
1381 599 1458 645 ap-

86 666 253 712 parere,
278 648 453 712 quando
469 666 557 694 non
576 648 713 694 solum
726 665 827 694 cum
844 649 1070 695 Abraham
1084 650 1103 679 1
1119 650 1295 714 aliisque
1309 653 1452 711 justis,

87 720 367 764 verumetiam
394 736 492 764 cum
514 720 621 764 Ca‘i'n
648 718 870 764 fratricida
902 717 1073 764 locutus
1104 731 1165 766 est
1187 721 1227 765 ²:
1250 722 1322 766 sed
1339 739 1455 786 quo-

86 789 216 834 modo
243 790 442 835 videatur
464 790 507 835 in
529 788 603 834 illo
621 806 767 849 regno,
797 789 871 834 ubi
906 806 1004 834 eum
1029 790 1238 836 videbunt
1260 791 1337 837 filii
1366 797 1457 852 ejus

85 860 211 905 sicuti
239 872 314 908 est.
349 862 476 906 Tunc
516 860 683 922 quippe
721 859 950 904 satiabitur
979 859 1022 904 in
1048 859 1174 905 bonis
1193 860 1454 908 desiderium

84 947 231 976 eorum
251 952 261 984 3
306 948 394 994 quo
429 930 639 976 desiderio
668 929 880 989 flagrabat
903 931 1087 993 Moyses,
1128 932 1198 976 cui
1242 932 1360 997 loqui
1399 933 1453 978 ad

87 999 225 1045 Deum
252 1000 359 1046 facie
382 1000 436 1046 ad
456 999 611 1045 faciem
642 1017 725 1044 non
750 998 1009 1047 sufficiehat.
1033 1010 1074 1044 et
1095 999 1294 1046 dicebat:
1334 1002 1454 1047 «Os-

85 1090 106 1111 »
124 1070 249 1115 tende
267 1070 373 1116 mihi
396 1071 670 1132 temetipsum
688 1068 925 1121 manifeste,
951 1079 996 1113 ut
1021 1068 1188 1115 videam
1211 1081 1251 1115 te
1277 1071 1294 1098 7³
1323 1089 1332 1115 ε
1355 1083 1454 1118 tan-

81 1157 211 1203 quam
237 1141 413 1191 diceret,
436 1141 553 1204 quod
573 1141 617 1186 in
636 1140 809 1185 Psatmo
845 1157 891 1184 ex·
919 1140 1068 1184 eodem
1094 1139 1304 1186 desiderio
1329 1145 1454 1188 cani-

85 1222 154 1257 tur
182 1231 191 1257 ε
233 1234 252 1253 «
272 1213 474 1258 Satiabor
497 1229 597 1258 cum
620 1210 968 1256 manifestabitur
991 1211 1125 1270 gloria
1164 1222 1236 1257 tua
1252 1212 1283 1258 4.
1307 1236 1325 1254 ιι
1352 1215 1452 1270 Quo

83 1282 294 1329 desiderio
320 1283 500 1328 ardebat
520 1293 561 1327 et
581 1281 819 1343 Philippus
840 1319 849 1327 .
893 1293 933 1326 «st
958 1282 1018 1326 sic
1045 1282 1189 1326 satiari
1218 1284 1449 1346 cupiebat,

82 1353 228 1399 dicens
252 1372 263 1399 ι
288 1353 511 1399 «Ostende
531 1352 656 1397 nobis
681 1355 871 1406 Patrem,
889 1363 929 1396 et
949 1351 1108 1397 sufficit
1141 1353 1268 1399 nobis
1289 1354 1321 1400 5.
1353 1377 1372 1396 ι)
1395 1358 1457 1401 De

83 1423 167 1470 hac
187 1425 349 1470 visione
371 1425 551 1488 loquens
573 1426 664 1482 ejus
683 1423 811 1467 etiam
836 1423 928 1485 ipse
946 1433 1112 1468 amator
1135 1435 1175 1468 et
1194 1424 1458 1473 desiderator

83 1495 353 1550 Ambrosius,
383 1495 507 1558 [Nori
545 1494 589 1539 in
610 1493 724 1549 loco,
766 1493 927 1556 inquit,
967 1494 1081 1539 Deus
1105 1494 1324 1559 videtum]
1345 1497 1456 1543 sicut

83 1565 135 1611 ad
177 1566 319 1612 ilicem
364 1565 580 1618 Mambre,
619 1564 731 1609 sicut
753 1564 794 1609 in
824 1574 969 1608 monte
1009 1563 1128 1613 Sina,
1162 1565 1257 1628 [sed
1290 1568 1456 1614 mundo

81 1636 258 1699 σοι-(19.1
286 1638 340 1681 Et
362 1636 556 1698 sequitur
576 1635 712 1680 scieris
729 1634 834 1698 quid
857 1633 1085 1690 desideret,
1103 1636 1261 1698 etquid
1282 1649 1450 1691 aestuet,

78 1717 117 1751 et
148 1707 254 1770 quid
283 1718 441 1770 speret,
477 1706 590 1770 [Nec
622 1705 945 1768 corporalibus.
985 1705 1144 1767 inquit,
1172 1707 1308 1753 oculis
1338 1710 1453 1755 Deus

78 1778 309 1839 quaeritur,
327 1776 341 1839 ]
361 1777 522 1839 quibus
542 1792 583 1820 se
606 1774 792 1820 ostendit
818 1773 1027 1827 Abrahae,
1053 1776 1187 1829 Isaac,
1218 1779 1372 1832 Jacob,
1409 1791 1450 1824 et

81 1847 174 1892 aliis
197 1848 241 1892 in
264 1847 352 1892 hoc
375 1845 534 1892 saeculo
563 1863 573 1890 :
605 1845 711 1909 [nec
735 1843 1114 1890 circumscribitur
1131 1845 1256 1909 visu]
1274 1861 1454 1912 propter

80 1918 187 1963 illud
206 1917 326 1982 quod
349 1917 515 1963 dictum
544 1926 607 1961 est
628 1933 639 1961 :
667 1937 688 1958 «
709 1915 947 1961 Posteriora
966 1931 1059 1960 mea
1085 1916 1254 1962 videbis
1271 1918 1288 1946 ⁶
1307 1937 1317 1963 :
1346 1919 1451 1983 [nec

82 2000 199 2036 tactu
223 1999 409 2044 tenetur,
427 1987 443 2051 ]
468 1988 580 2033 sieut
601 1986 791 2033 luctatus
810 1985 937 2031 etiam
956 1996 1017 2031 est
1040 2002 1141 2032 cum
1160 1989 1298 2034 Jacob
1317 2007 1327 2035 ε
1349 1990 1453 2054 [nec

80 2060 257 2106 auditur
271 2057 447 2122 affatu‚]
468 2058 580 2104 sicut
598 2075 683 2103 non
699 2057 839 2102 solum
855 2074 876 2101 a
899 2057 1145 2113 totsanctis,
1170 2061 1450 2107 verumetiam

81 2148 101 2175 a
126 2130 305 2176 diabolo
324 2129 497 2176 auditus
516 2139 579 2174 est
603 2145 613 2172 :
650 2129 756 2190 [nec
775 2127 959 2172 sentitur
981 2127 1194 2190 incessu‚]
1234 2130 1345 2177 sicut
1371 2132 1452 2178 ali-

79 2201 257 2263 quando
272 2218 371 2246 cum
392 2201 435 2244 in
458 2198 658 2262 paradiso
678 2197 979 2243 deambularet
1001 2196 1055 2243 ad
1079 2215 1316 2261 vesperam.

144 2271 328 2318 XXVII.
374 2269 498 2315 Vides
542 2267 913 2332 quemadmodum
951 2267 1016 2312 vir
1053 2279 1226 2315 sanetus
1265 2272 1456 2320 enitatur

79 2353 243 2388 nostras
269 2352 427 2387 mentes
460 2340 516 2385 ab
537 2339 740 2384 omnibus
763 2338 904 2384 carnis
939 2338 1132 2383 sensibus
1158 2357 1375 2392 sevocare.
1404 2356 1452 2390 ut

80 2423 201 2476 aptas
221 2412 352 2458 faciat
375 2411 428 2457 ad
452 2407 690 2456 videndum
716 2411 872 2455 Deum.
899 2409 950 2453 {it
974 2418 1117 2453 tamen
1137 2411 1242 2473 quid
1267 2415 1353 2473 agit
1383 2426 1451 2461 ta·-

78 2481 130 2528 lis
151 2483 407 2529 extrinsecus
429 2480 650 2545 plantator
669 2490 711 2525 et
751 2479 930 2539 rigator,
956 2477 1037 2523 nisi
1059 2478 1316 2528 intrinsecus
1344 2501 1453 2548 ope-

127 2585 137 2605 ι
159 2588 244 2616 Gen,
267 2594 357 2620 χημ,
379 2579 495 2614 1‚-‘2
513 2580 560 2611 ld.
581 2590 623 2617 μ’,
638 2581 670 2610 6.
688 2597 729 2603 ——
749 2575 764 2600 3
780 2577 878 2610 Exod.
898 2589 1016 2616 xxxiii,
1039 2579 1091 2609 13.
1109 2596 1154 2602 —
1173 2576 1187 2601 4
1209 2580 1290 2613 Psal.
1307 2592 1378 2621 xvi,
1402 2586 1452 2616 15.

79 2655 122 2662 —-
138 2636 150 2660 5
164 2641 254 2670 Joutx.
270 2650 284 2669 x
307 2650 334 2677 v,
353 2639 383 2670 S.
406 2656 446 2660 ἢ
462 2634 590 2668 fimo-J.
610 2646 723 2671 xxxin,
741 2637 795 2666 23.

210 2707 371 2735 ‹lxm-ii.
1294 2705 1324 2750 9
