<?xml version="1.0" encoding="UTF-8"?>
<!DOCTYPE html PUBLIC "-//W3C//DTD XHTML 1.0 Transitional//EN"
    "http://www.w3.org/TR/xhtml1/DTD/xhtml1-transitional.dtd">
<html xmlns="http://www.w3.org/1999/xhtml" xml:lang="en" lang="en">
 <head>
  <title>
</title>
<meta http-equiv="Content-Type" content="text/html;charset=utf-8" />
  <meta name='ocr-system' content='tesseract 3.04.00' />
  <meta name='ocr-capabilities' content='ocr_page ocr_carea ocr_par ocr_line ocrx_word'/>
</head>
<body>
  <div class='ocr_page' id='page_1' title='image "./operaomniaaccura40auguuoft/operaomniaaccura40auguuoft_0038.png"; bbox 0 0 1799 3251; ppageno 0'>
   <div class='ocr_carea' id='block_1_1' title="bbox 371 262 1346 309">
    <p class='ocr_par' dir='ltr' id='par_1_1' title="bbox 371 262 1346 309">
     <span class='ocr_line' id='line_1_1' title="bbox 371 262 1346 309; baseline -0.005 0"><span class='ocrx_word' id='word_1_1' title='bbox 371 262 428 309; x_wconf 78' lang='lat'><strong>28</strong></span> <span class='ocrx_word' id='word_1_2' title='bbox 788 277 822 307; x_wconf 83' lang='lat' dir='ltr'><strong>s,</strong></span> <span class='ocrx_word' id='word_1_3' title='bbox 865 275 1110 306; x_wconf 67' lang='lat' dir='ltr'><strong>annosum</strong></span> <span class='ocrx_word' id='word_1_4' title='bbox 1144 274 1346 305; x_wconf 64' lang='lat' dir='ltr'><strong>muscorl</strong></span> 
     </span>
    </p>
   </div>
   <div class='ocr_carea' id='block_1_2' title="bbox 369 339 1760 2449">
    <p class='ocr_par' dir='ltr' id='par_1_2' title="bbox 369 339 1731 459">
     <span class='ocr_line' id='line_1_2' title="bbox 370 339 1731 407; baseline -0.003 -17"><span class='ocrx_word' id='word_1_5' title='bbox 370 341 601 407; x_wconf 79' lang='lat' dir='ltr'>Apostolus</span> <span class='ocrx_word' id='word_1_6' title='bbox 623 342 675 389; x_wconf 90' lang='lat' dir='ltr'><strong>de</strong></span> <span class='ocrx_word' id='word_1_7' title='bbox 699 341 908 389; x_wconf 76' lang='lat' dir='ltr'><strong>velamine</strong></span> <span class='ocrx_word' id='word_1_8' title='bbox 929 341 1090 386; x_wconf 84' lang='lat' dir='ltr'><strong>Veteris</strong></span> <span class='ocrx_word' id='word_1_9' title='bbox 1119 340 1378 386; x_wconf 76' lang='lat' dir='ltr'><strong>Testamenti</strong></span> <span class='ocrx_word' id='word_1_10' title='bbox 1402 339 1507 386; x_wconf 77' lang='lat' dir='ltr'><strong>dixit</strong></span> <span class='ocrx_word' id='word_1_11' title='bbox 1528 357 1538 385; x_wconf 88' lang='lat'>:</span> <span class='ocrx_word' id='word_1_12' title='bbox 1566 360 1585 381; x_wconf 84' lang='lat'>«</span> <span class='ocrx_word' id='word_1_13' title='bbox 1605 339 1731 397; x_wconf 90' lang='lat' dir='ltr'><strong>Quo-</strong></span> 
     </span>
     <span class='ocr_line' id='line_1_3' title="bbox 369 411 1140 459; baseline -0.001 0"><span class='ocrx_word' id='word_1_14' title='bbox 369 434 390 454; x_wconf 83' lang='lat'>»</span> <span class='ocrx_word' id='word_1_15' title='bbox 411 414 526 459; x_wconf 91' lang='lat' dir='ltr'><strong>niam</strong></span> <span class='ocrx_word' id='word_1_16' title='bbox 549 413 593 459; x_wconf 89' lang='lat' dir='ltr'><strong>in</strong></span> <span class='ocrx_word' id='word_1_17' title='bbox 615 412 791 458; x_wconf 89' lang='lat' dir='ltr'><strong>Christo</strong></span> <span class='ocrx_word' id='word_1_18' title='bbox 816 411 1092 459; x_wconf 76' lang='lat' dir='ltr'><strong>evacuatur1.</strong></span> <span class='ocrx_word' id='word_1_19' title='bbox 1120 433 1140 452; x_wconf 81' lang='lat'>»</span> 
     </span>
    </p>

    <p class='ocr_par' dir='ltr' id='par_1_3' title="bbox 373 482 1760 2449">
     <span class='ocr_line' id='line_1_4' title="bbox 434 482 1732 546; baseline -0.002 -17"><span class='ocrx_word' id='word_1_20' title='bbox 434 484 620 532; x_wconf 88' lang='lat' dir='ltr'>XXVII.</span> <span class='ocrx_word' id='word_1_21' title='bbox 661 485 771 529; x_wconf 60' lang='lat' dir='ltr'><strong>Nam</strong></span> <span class='ocrx_word' id='word_1_22' title='bbox 807 493 847 529; x_wconf 89' lang='lat' dir='ltr'><strong>et</strong></span> <span class='ocrx_word' id='word_1_23' title='bbox 879 483 924 528; x_wconf 88' lang='lat' dir='ltr'><strong>in</strong></span> <span class='ocrx_word' id='word_1_24' title='bbox 947 482 1031 528; x_wconf 90' lang='lat' dir='ltr'><strong>illis</strong></span> <span class='ocrx_word' id='word_1_25' title='bbox 1057 482 1256 546; x_wconf 86' lang='lat' dir='ltr'><strong>patribus</strong></span> <span class='ocrx_word' id='word_1_26' title='bbox 1279 482 1475 546; x_wconf 78' lang='lat' dir='ltr'><strong>quamvis</strong></span> <span class='ocrx_word' id='word_1_27' title='bbox 1497 482 1732 539; x_wconf 86' lang='lat' dir='ltr'><strong>rarissima,</strong></span> 
     </span>
     <span class='ocr_line' id='line_1_5' title="bbox 374 552 1735 617; baseline -0.003 -16"><span class='ocrx_word' id='word_1_28' title='bbox 374 565 512 601; x_wconf 86' lang='lat' dir='ltr'><strong>tamen</strong></span> <span class='ocrx_word' id='word_1_29' title='bbox 533 555 730 610; x_wconf 87' lang='lat' dir='ltr'><strong>fuerunt,</strong></span> <span class='ocrx_word' id='word_1_30' title='bbox 759 563 799 599; x_wconf 88' lang='lat' dir='ltr'><strong>et</strong></span> <span class='ocrx_word' id='word_1_31' title='bbox 819 569 952 617; x_wconf 89' lang='lat' dir='ltr'><strong>usque</strong></span> <span class='ocrx_word' id='word_1_32' title='bbox 974 552 1028 598; x_wconf 90' lang='lat' dir='ltr'><strong>ad</strong></span> <span class='ocrx_word' id='word_1_33' title='bbox 1053 563 1235 598; x_wconf 90' lang='lat' dir='ltr'><strong>mortem</strong></span> <span class='ocrx_word' id='word_1_34' title='bbox 1259 552 1452 615; x_wconf 79' lang='lat' dir='ltr'><strong>exempla</strong></span> <span class='ocrx_word' id='word_1_35' title='bbox 1490 552 1735 616; x_wconf 84' lang='lat' dir='ltr'><strong>patientiae,</strong></span> 
     </span>
     <span class='ocr_line' id='line_1_6' title="bbox 375 622 1736 687; baseline -0.003 -15"><span class='ocrx_word' id='word_1_36' title='bbox 375 644 397 672; x_wconf 88' lang='lat' dir='ltr'><strong>a</strong></span> <span class='ocrx_word' id='word_1_37' title='bbox 415 626 617 686; x_wconf 83' lang='lat' dir='ltr'><strong>sanguine</strong></span> <span class='ocrx_word' id='word_1_38' title='bbox 639 625 748 671; x_wconf 84' lang='lat' dir='ltr'>Abel</span> <span class='ocrx_word' id='word_1_39' title='bbox 768 640 902 687; x_wconf 89' lang='lat' dir='ltr'><strong>usque</strong></span> <span class='ocrx_word' id='word_1_40' title='bbox 921 622 975 668; x_wconf 88' lang='lat' dir='ltr'><strong>ad</strong></span> <span class='ocrx_word' id='word_1_41' title='bbox 995 624 1244 683; x_wconf 82' lang='lat' dir='ltr'><strong>sanguinem</strong></span> <span class='ocrx_word' id='word_1_42' title='bbox 1261 622 1533 679; x_wconf 80' lang='lat' dir='ltr'><strong>Zachariae2,</strong></span> <span class='ocrx_word' id='word_1_43' title='bbox 1547 639 1736 687; x_wconf 90' lang='lat' dir='ltr'><strong>quorum</strong></span> 
     </span>
     <span class='ocr_line' id='line_1_7' title="bbox 373 692 1734 756; baseline -0.003 -14"><span class='ocrx_word' id='word_1_44' title='bbox 373 696 622 756; x_wconf 86' lang='lat' dir='ltr'><strong>sanguinem</strong></span> <span class='ocrx_word' id='word_1_45' title='bbox 648 694 756 741; x_wconf 87' lang='lat' dir='ltr'><strong>dicit</strong></span> <span class='ocrx_word' id='word_1_46' title='bbox 788 694 1004 741; x_wconf 84' lang='lat' dir='ltr'>Dominus</span> <span class='ocrx_word' id='word_1_47' title='bbox 1043 697 1162 739; x_wconf 84' lang='lat' dir='ltr'><strong>Jesus</strong></span> <span class='ocrx_word' id='word_1_48' title='bbox 1194 703 1236 738; x_wconf 91' lang='lat' dir='ltr'><strong>et</strong></span> <span class='ocrx_word' id='word_1_49' title='bbox 1268 693 1324 738; x_wconf 89' lang='lat' dir='ltr'><strong>ab</strong></span> <span class='ocrx_word' id='word_1_50' title='bbox 1360 693 1418 738; x_wconf 86' lang='lat' dir='ltr'><strong>eis</strong></span> <span class='ocrx_word' id='word_1_51' title='bbox 1449 692 1702 754; x_wconf 77' lang='lat' dir='ltr'><strong>exigendum</strong></span> <span class='ocrx_word' id='word_1_52' title='bbox 1723 729 1734 749; x_wconf 93' lang='lat'><strong>,</strong></span> 
     </span>
     <span class='ocr_line' id='line_1_8' title="bbox 373 763 1739 830; baseline -0.003 -17"><span class='ocrx_word' id='word_1_53' title='bbox 373 767 450 830; x_wconf 90' lang='lat' dir='ltr'><strong>qui</strong></span> <span class='ocrx_word' id='word_1_54' title='bbox 467 766 511 813; x_wconf 90' lang='lat' dir='ltr'><strong>in</strong></span> <span class='ocrx_word' id='word_1_55' title='bbox 533 777 710 830; x_wconf 87' lang='lat' dir='ltr'><strong>patrum</strong></span> <span class='ocrx_word' id='word_1_56' title='bbox 736 782 912 811; x_wconf 89' lang='lat' dir='ltr'><strong>suorum</strong></span> <span class='ocrx_word' id='word_1_57' title='bbox 927 802 937 821; x_wconf 82' lang='lat'><em>,</em></span> <span class='ocrx_word' id='word_1_58' title='bbox 963 782 986 810; x_wconf 86' lang='lat' dir='ltr'><strong>a</strong></span> <span class='ocrx_word' id='word_1_59' title='bbox 1007 764 1167 828; x_wconf 87' lang='lat' dir='ltr'><strong>quibus</strong></span> <span class='ocrx_word' id='word_1_60' title='bbox 1194 763 1258 809; x_wconf 88' lang='lat' dir='ltr'><strong>illi</strong></span> <span class='ocrx_word' id='word_1_61' title='bbox 1275 764 1406 809; x_wconf 87' lang='lat' dir='ltr'><strong>occisi</strong></span> <span class='ocrx_word' id='word_1_62' title='bbox 1428 774 1550 820; x_wconf 83' lang='lat' dir='ltr'><strong>sunt,</strong></span> <span class='ocrx_word' id='word_1_63' title='bbox 1572 763 1739 828; x_wconf 88' lang='lat' dir='ltr'><strong>iniqui-</strong></span> 
     </span>
     <span class='ocr_line' id='line_1_9' title="bbox 373 833 1740 900; baseline -0.002 -18"><span class='ocrx_word' id='word_1_64' title='bbox 373 847 460 882; x_wconf 84' lang='lat' dir='ltr'>tate</span> <span class='ocrx_word' id='word_1_65' title='bbox 483 837 756 900; x_wconf 80' lang='lat' dir='ltr'><strong>persisterent</strong></span> <span class='ocrx_word' id='word_1_66' title='bbox 780 854 790 881; x_wconf 85' lang='lat'>:</span> <span class='ocrx_word' id='word_1_67' title='bbox 821 846 862 881; x_wconf 89' lang='lat' dir='ltr'><strong>et</strong></span> <span class='ocrx_word' id='word_1_68' title='bbox 881 836 926 881; x_wconf 91' lang='lat' dir='ltr'><strong>in</strong></span> <span class='ocrx_word' id='word_1_69' title='bbox 946 835 1070 880; x_wconf 58' lang='lat' dir='ltr'><strong>Novo</strong></span> <span class='ocrx_word' id='word_1_70' title='bbox 1090 835 1364 899; x_wconf 83' lang='lat' dir='ltr'><strong>Testamento</strong></span> <span class='ocrx_word' id='word_1_71' title='bbox 1384 851 1462 880; x_wconf 88' lang='lat' dir='ltr'><strong>nec</strong></span> <span class='ocrx_word' id='word_1_72' title='bbox 1477 833 1638 890; x_wconf 86' lang='lat' dir='ltr'><strong>defuit,</strong></span> <span class='ocrx_word' id='word_1_73' title='bbox 1661 851 1740 880; x_wconf 88' lang='lat' dir='ltr'><strong>nec</strong></span> 
     </span>
     <span class='ocr_line' id='line_1_10' title="bbox 375 904 1742 968; baseline -0.002 -15"><span class='ocrx_word' id='word_1_74' title='bbox 375 906 490 953; x_wconf 86' lang='lat' dir='ltr'><strong>deest</strong></span> <span class='ocrx_word' id='word_1_75' title='bbox 505 908 721 954; x_wconf 88' lang='lat' dir='ltr'><strong>bonorum</strong></span> <span class='ocrx_word' id='word_1_76' title='bbox 741 907 933 953; x_wconf 88' lang='lat' dir='ltr'><strong>fidelium</strong></span> <span class='ocrx_word' id='word_1_77' title='bbox 952 904 1211 962; x_wconf 83' lang='lat' dir='ltr'><strong>multitudo,</strong></span> <span class='ocrx_word' id='word_1_78' title='bbox 1228 905 1306 968; x_wconf 88' lang='lat' dir='ltr'><strong>qui</strong></span> <span class='ocrx_word' id='word_1_79' title='bbox 1325 905 1452 951; x_wconf 89' lang='lat' dir='ltr'><strong>etiam</strong></span> <span class='ocrx_word' id='word_1_80' title='bbox 1471 907 1551 951; x_wconf 89' lang='lat' dir='ltr'><strong>ista</strong></span> <span class='ocrx_word' id='word_1_81' title='bbox 1573 916 1742 968; x_wconf 89' lang='lat' dir='ltr'><strong>tempo-</strong></span> 
     </span>
     <span class='ocr_line' id='line_1_11' title="bbox 375 975 1743 1042; baseline -0.002 -18"><span class='ocrx_word' id='word_1_82' title='bbox 375 978 454 1024; x_wconf 87' lang='lat' dir='ltr'><strong>rali</strong></span> <span class='ocrx_word' id='word_1_83' title='bbox 475 978 678 1025; x_wconf 85' lang='lat' dir='ltr'><strong>felicitate</strong></span> <span class='ocrx_word' id='word_1_84' title='bbox 696 978 1006 1042; x_wconf 79' lang='lat' dir='ltr'><strong>praepolleant,</strong></span> <span class='ocrx_word' id='word_1_85' title='bbox 1034 988 1075 1022; x_wconf 90' lang='lat' dir='ltr'><strong>et</strong></span> <span class='ocrx_word' id='word_1_86' title='bbox 1094 977 1139 1022; x_wconf 86' lang='lat' dir='ltr'><strong>in</strong></span> <span class='ocrx_word' id='word_1_87' title='bbox 1162 993 1209 1021; x_wconf 89' lang='lat' dir='ltr'><strong>ea</strong></span> <span class='ocrx_word' id='word_1_88' title='bbox 1227 975 1441 1036; x_wconf 85' lang='lat' dir='ltr'><strong>largitoris</strong></span> <span class='ocrx_word' id='word_1_89' title='bbox 1465 977 1546 1022; x_wconf 84' lang='lat' dir='ltr'><strong>Dei</strong></span> <span class='ocrx_word' id='word_1_90' title='bbox 1570 976 1743 1022; x_wconf 86' lang='lat' dir='ltr'><strong>bouita-</strong></span> 
     </span>
     <span class='ocr_line' id='line_1_12' title="bbox 376 1046 1743 1111; baseline -0.001 -16"><span class='ocrx_word' id='word_1_91' title='bbox 376 1059 461 1094; x_wconf 83' lang='lat' dir='ltr'><strong>tem</strong></span> <span class='ocrx_word' id='word_1_92' title='bbox 481 1049 905 1111; x_wconf 77' lang='lat' dir='ltr'><strong>misericordiamque</strong></span> <span class='ocrx_word' id='word_1_93' title='bbox 929 1048 1218 1111; x_wconf 83' lang='lat' dir='ltr'><strong>experiantur,</strong></span> <span class='ocrx_word' id='word_1_94' title='bbox 1249 1057 1436 1093; x_wconf 89' lang='lat' dir='ltr'><strong>tenentes</strong></span> <span class='ocrx_word' id='word_1_95' title='bbox 1458 1057 1602 1093; x_wconf 89' lang='lat' dir='ltr'><strong>tamen</strong></span> <span class='ocrx_word' id='word_1_96' title='bbox 1623 1046 1743 1111; x_wconf 84' lang='lat' dir='ltr'><strong>quod</strong></span> 
     </span>
     <span class='ocr_line' id='line_1_13' title="bbox 376 1116 1745 1181; baseline 0 -18"><span class='ocrx_word' id='word_1_97' title='bbox 376 1117 647 1181; x_wconf 86' lang='lat' dir='ltr'><strong>dispensator</strong></span> <span class='ocrx_word' id='word_1_98' title='bbox 660 1119 771 1166; x_wconf 74' lang='lat' dir='ltr'><strong>Novi</strong></span> <span class='ocrx_word' id='word_1_99' title='bbox 793 1118 1054 1164; x_wconf 81' lang='lat' dir='ltr'><strong>Testamenti</strong></span> <span class='ocrx_word' id='word_1_100' title='bbox 1069 1117 1279 1163; x_wconf 86' lang='lat' dir='ltr'><strong>divitibus</strong></span> <span class='ocrx_word' id='word_1_101' title='bbox 1291 1116 1425 1178; x_wconf 83' lang='lat' dir='ltr'><strong>hujus</strong></span> <span class='ocrx_word' id='word_1_102' title='bbox 1441 1117 1589 1164; x_wconf 83' lang='lat' dir='ltr'><strong>saeculi</strong></span> <span class='ocrx_word' id='word_1_103' title='bbox 1607 1118 1745 1181; x_wconf 91' lang='lat' dir='ltr'><strong>Apos-</strong></span> 
     </span>
     <span class='ocr_line' id='line_1_14' title="bbox 375 1187 1745 1252; baseline -0.001 -18"><span class='ocrx_word' id='word_1_104' title='bbox 375 1188 488 1234; x_wconf 88' lang='lat' dir='ltr'><strong>tolus</strong></span> <span class='ocrx_word' id='word_1_105' title='bbox 518 1189 756 1252; x_wconf 81' lang='lat' dir='ltr'><strong>praecepit‚</strong></span> <span class='ocrx_word' id='word_1_106' title='bbox 798 1205 885 1233; x_wconf 89' lang='lat' dir='ltr'><strong>non</strong></span> <span class='ocrx_word' id='word_1_107' title='bbox 913 1188 1099 1250; x_wconf 87' lang='lat' dir='ltr'><strong>superbe</strong></span> <span class='ocrx_word' id='word_1_108' title='bbox 1137 1204 1306 1250; x_wconf 81' lang='lat' dir='ltr'><strong>sapere,</strong></span> <span class='ocrx_word' id='word_1_109' title='bbox 1337 1204 1476 1251; x_wconf 90' lang='lat' dir='ltr'><strong>neque</strong></span> <span class='ocrx_word' id='word_1_110' title='bbox 1502 1204 1673 1251; x_wconf 86' lang='lat' dir='ltr'><strong>sperare</strong></span> <span class='ocrx_word' id='word_1_111' title='bbox 1700 1187 1745 1233; x_wconf 90' lang='lat' dir='ltr'><strong>in</strong></span> 
     </span>
     <span class='ocr_line' id='line_1_15' title="bbox 377 1258 1748 1321; baseline -0.001 -16"><span class='ocrx_word' id='word_1_112' title='bbox 377 1260 540 1306; x_wconf 89' lang='lat' dir='ltr'><strong>incerto</strong></span> <span class='ocrx_word' id='word_1_113' title='bbox 565 1259 842 1313; x_wconf 86' lang='lat' dir='ltr'><strong>divitiarum,</strong></span> <span class='ocrx_word' id='word_1_114' title='bbox 876 1259 948 1304; x_wconf 87' lang='lat' dir='ltr'><strong>sed</strong></span> <span class='ocrx_word' id='word_1_115' title='bbox 974 1258 1018 1304; x_wconf 89' lang='lat' dir='ltr'><strong>in</strong></span> <span class='ocrx_word' id='word_1_116' title='bbox 1038 1259 1130 1305; x_wconf 91' lang='lat' dir='ltr'><strong>Deo</strong></span> <span class='ocrx_word' id='word_1_117' title='bbox 1150 1259 1249 1305; x_wconf 77' lang='lat' dir='ltr'><strong>vivo</strong></span> <span class='ocrx_word' id='word_1_118' title='bbox 1266 1295 1276 1314; x_wconf 85' lang='lat'>‚</span> <span class='ocrx_word' id='word_1_119' title='bbox 1309 1259 1384 1321; x_wconf 84' lang='lat' dir='ltr'><strong>qui</strong></span> <span class='ocrx_word' id='word_1_120' title='bbox 1416 1268 1593 1321; x_wconf 83' lang='lat' dir='ltr'><strong>praestat</strong></span> <span class='ocrx_word' id='word_1_121' title='bbox 1620 1258 1748 1304; x_wconf 90' lang='lat' dir='ltr'><strong>nobis</strong></span> 
     </span>
     <span class='ocr_line' id='line_1_16' title="bbox 379 1328 1748 1386; baseline 0 -11"><span class='ocrx_word' id='word_1_122' title='bbox 379 1330 522 1376; x_wconf 86' lang='lat' dir='ltr'><strong>onmia</strong></span> <span class='ocrx_word' id='word_1_123' title='bbox 543 1328 815 1375; x_wconf 82' lang='lat' dir='ltr'><strong>abundanter</strong></span> <span class='ocrx_word' id='word_1_124' title='bbox 834 1328 888 1374; x_wconf 88' lang='lat' dir='ltr'><strong>ad</strong></span> <span class='ocrx_word' id='word_1_125' title='bbox 912 1328 1143 1375; x_wconf 85' lang='lat' dir='ltr'><strong>fruendum</strong></span> <span class='ocrx_word' id='word_1_126' title='bbox 1160 1366 1170 1385; x_wconf 87' lang='lat'>‚</span> <span class='ocrx_word' id='word_1_127' title='bbox 1189 1339 1237 1374; x_wconf 92' lang='lat' dir='ltr'><strong>ut</strong></span> <span class='ocrx_word' id='word_1_128' title='bbox 1255 1329 1366 1374; x_wconf 87' lang='lat' dir='ltr'><strong>bene</strong></span> <span class='ocrx_word' id='word_1_129' title='bbox 1382 1328 1567 1386; x_wconf 79' lang='lat' dir='ltr'><strong>faciant,</strong></span> <span class='ocrx_word' id='word_1_130' title='bbox 1595 1329 1748 1377; x_wconf 85' lang='lat' dir='ltr'><strong>divites</strong></span> 
     </span>
     <span class='ocr_line' id='line_1_17' title="bbox 379 1398 1744 1463; baseline 0 -18"><span class='ocrx_word' id='word_1_131' title='bbox 379 1402 464 1446; x_wconf 88' lang='lat' dir='ltr'><strong>sint</strong></span> <span class='ocrx_word' id='word_1_132' title='bbox 489 1399 533 1445; x_wconf 91' lang='lat' dir='ltr'><strong>in</strong></span> <span class='ocrx_word' id='word_1_133' title='bbox 559 1400 764 1463; x_wconf 85' lang='lat' dir='ltr'><strong>operibus</strong></span> <span class='ocrx_word' id='word_1_134' title='bbox 786 1399 913 1444; x_wconf 88' lang='lat' dir='ltr'><strong>bonis</strong></span> <span class='ocrx_word' id='word_1_135' title='bbox 932 1436 941 1453; x_wconf 92' lang='lat'>‚</span> <span class='ocrx_word' id='word_1_136' title='bbox 972 1398 1097 1444; x_wconf 85' lang='lat' dir='ltr'><strong>facile</strong></span> <span class='ocrx_word' id='word_1_137' title='bbox 1130 1398 1357 1456; x_wconf 85' lang='lat' dir='ltr'><strong>tribuant,</strong></span> <span class='ocrx_word' id='word_1_138' title='bbox 1390 1399 1744 1457; x_wconf 89' lang='lat' dir='ltr'><strong>communicent,</strong></span> 
     </span>
     <span class='ocr_line' id='line_1_18' title="bbox 380 1468 1750 1527; baseline -0.001 -11"><span class='ocrx_word' id='word_1_139' title='bbox 380 1470 667 1516; x_wconf 82' lang='lat' dir='ltr'><strong>thesaurizent</strong></span> <span class='ocrx_word' id='word_1_140' title='bbox 694 1470 775 1516; x_wconf 90' lang='lat' dir='ltr'><strong>sibi</strong></span> <span class='ocrx_word' id='word_1_141' title='bbox 798 1469 1132 1515; x_wconf 83' lang='lat' dir='ltr'><strong>fundamentum</strong></span> <span class='ocrx_word' id='word_1_142' title='bbox 1159 1469 1327 1515; x_wconf 89' lang='lat' dir='ltr'><strong>bonum</strong></span> <span class='ocrx_word' id='word_1_143' title='bbox 1358 1469 1403 1515; x_wconf 91' lang='lat' dir='ltr'><strong>in</strong></span> <span class='ocrx_word' id='word_1_144' title='bbox 1433 1468 1632 1516; x_wconf 85' lang='lat' dir='ltr'><strong>futurum</strong></span> <span class='ocrx_word' id='word_1_145' title='bbox 1649 1507 1661 1527; x_wconf 83' lang='lat'><strong><em>,</em></strong></span> <span class='ocrx_word' id='word_1_146' title='bbox 1699 1479 1750 1516; x_wconf 89' lang='lat' dir='ltr'><strong>ut</strong></span> 
     </span>
     <span class='ocr_line' id='line_1_19' title="bbox 381 1540 1750 1606; baseline 0.001 -19"><span class='ocrx_word' id='word_1_147' title='bbox 381 1541 715 1606; x_wconf 86' lang='lat' dir='ltr'><strong>apprehendant</strong></span> <span class='ocrx_word' id='word_1_148' title='bbox 734 1558 879 1588; x_wconf 87' lang='lat' dir='ltr'><strong>veram</strong></span> <span class='ocrx_word' id='word_1_149' title='bbox 902 1541 1080 1595; x_wconf 76' lang='lat' dir='ltr'><strong>vitam33</strong></span> <span class='ocrx_word' id='word_1_150' title='bbox 1113 1540 1252 1604; x_wconf 85' lang='lat' dir='ltr'><strong>qualis</strong></span> <span class='ocrx_word' id='word_1_151' title='bbox 1281 1541 1326 1586; x_wconf 90' lang='lat' dir='ltr'><strong>in</strong></span> <span class='ocrx_word' id='word_1_152' title='bbox 1349 1541 1512 1587; x_wconf 89' lang='lat' dir='ltr'><strong>Christi</strong></span> <span class='ocrx_word' id='word_1_153' title='bbox 1537 1558 1625 1588; x_wconf 89' lang='lat' dir='ltr'><strong>non</strong></span> <span class='ocrx_word' id='word_1_154' title='bbox 1655 1553 1750 1588; x_wconf 84' lang='lat' dir='ltr'><strong>tan-</strong></span> 
     </span>
     <span class='ocr_line' id='line_1_20' title="bbox 380 1610 1751 1675; baseline 0 -18"><span class='ocrx_word' id='word_1_155' title='bbox 380 1622 474 1658; x_wconf 87' lang='lat' dir='ltr'><strong>turn</strong></span> <span class='ocrx_word' id='word_1_156' title='bbox 497 1612 651 1675; x_wconf 85' lang='lat' dir='ltr'><strong>spiritu</strong></span> <span class='ocrx_word' id='word_1_157' title='bbox 671 1649 680 1668; x_wconf 91' lang='lat'><strong><em>‚</em></strong></span> <span class='ocrx_word' id='word_1_158' title='bbox 707 1612 990 1659; x_wconf 83' lang='lat' dir='ltr'><strong>verumetiam</strong></span> <span class='ocrx_word' id='word_1_159' title='bbox 1021 1628 1148 1657; x_wconf 88' lang='lat' dir='ltr'><strong>carne</strong></span> <span class='ocrx_word' id='word_1_160' title='bbox 1164 1610 1434 1656; x_wconf 87' lang='lat' dir='ltr'><strong>manifestata</strong></span> <span class='ocrx_word' id='word_1_161' title='bbox 1453 1622 1536 1667; x_wconf 86' lang='lat' dir='ltr'><strong>est,</strong></span> <span class='ocrx_word' id='word_1_162' title='bbox 1558 1628 1657 1657; x_wconf 89' lang='lat' dir='ltr'><strong>cum</strong></span> <span class='ocrx_word' id='word_1_163' title='bbox 1679 1628 1751 1657; x_wconf 88' lang='lat' dir='ltr'><strong>re-</strong></span> 
     </span>
     <span class='ocr_line' id='line_1_21' title="bbox 382 1679 1748 1744; baseline -0.001 -16"><span class='ocrx_word' id='word_1_164' title='bbox 382 1683 561 1728; x_wconf 84' lang='lat' dir='ltr'><strong>surrexit</strong></span> <span class='ocrx_word' id='word_1_165' title='bbox 581 1699 603 1727; x_wconf 88' lang='lat' dir='ltr'><strong>a</strong></span> <span class='ocrx_word' id='word_1_166' title='bbox 621 1682 802 1728; x_wconf 88' lang='lat' dir='ltr'><strong>mortuis</strong></span> <span class='ocrx_word' id='word_1_167' title='bbox 816 1719 826 1736; x_wconf 87' lang='lat'>‚</span> <span class='ocrx_word' id='word_1_168' title='bbox 842 1698 931 1727; x_wconf 89' lang='lat' dir='ltr'><strong>non</strong></span> <span class='ocrx_word' id='word_1_169' title='bbox 945 1681 1116 1744; x_wconf 81' lang='lat' dir='ltr'><strong>qualem</strong></span> <span class='ocrx_word' id='word_1_170' title='bbox 1135 1679 1280 1726; x_wconf 80' lang='lat' dir='ltr'><strong>Judaei</strong></span> <span class='ocrx_word' id='word_1_171' title='bbox 1299 1680 1343 1726; x_wconf 91' lang='lat' dir='ltr'><strong>in</strong></span> <span class='ocrx_word' id='word_1_172' title='bbox 1366 1680 1439 1726; x_wconf 88' lang='lat' dir='ltr'><strong>illo</strong></span> <span class='ocrx_word' id='word_1_173' title='bbox 1456 1692 1748 1744; x_wconf 89' lang='lat' dir='ltr'><strong>peremerunt,</strong></span> 
     </span>
     <span class='ocr_line' id='line_1_22' title="bbox 381 1750 1752 1815; baseline 0.001 -18"><span class='ocrx_word' id='word_1_174' title='bbox 381 1751 556 1815; x_wconf 90' lang='lat' dir='ltr'><strong>quando</strong></span> <span class='ocrx_word' id='word_1_175' title='bbox 576 1769 672 1797; x_wconf 80' lang='lat' dir='ltr'><strong>euni</strong></span> <span class='ocrx_word' id='word_1_176' title='bbox 695 1752 748 1797; x_wconf 90' lang='lat' dir='ltr'><strong>de</strong></span> <span class='ocrx_word' id='word_1_177' title='bbox 769 1751 970 1797; x_wconf 85' lang='lat' dir='ltr'><strong>manibus</strong></span> <span class='ocrx_word' id='word_1_178' title='bbox 989 1767 1138 1796; x_wconf 86' lang='lat' dir='ltr'><strong>eorum</strong></span> <span class='ocrx_word' id='word_1_179' title='bbox 1157 1750 1272 1795; x_wconf 88' lang='lat' dir='ltr'><strong>Deus</strong></span> <span class='ocrx_word' id='word_1_180' title='bbox 1294 1768 1381 1796; x_wconf 89' lang='lat' dir='ltr'><strong>non</strong></span> <span class='ocrx_word' id='word_1_181' title='bbox 1405 1752 1537 1808; x_wconf 87' lang='lat' dir='ltr'><strong>eruit,</strong></span> <span class='ocrx_word' id='word_1_182' title='bbox 1568 1769 1752 1815; x_wconf 87' lang='lat' dir='ltr'><strong>eumque</strong></span> 
     </span>
     <span class='ocr_line' id='line_1_23' title="bbox 383 1821 1754 1884; baseline 0.001 -17"><span class='ocrx_word' id='word_1_183' title='bbox 383 1821 657 1884; x_wconf 86' lang='lat' dir='ltr'><strong>dereliquisse</strong></span> <span class='ocrx_word' id='word_1_184' title='bbox 679 1821 794 1867; x_wconf 86' lang='lat' dir='ltr'><strong>visus</strong></span> <span class='ocrx_word' id='word_1_185' title='bbox 818 1832 876 1866; x_wconf 86' lang='lat' dir='ltr'><strong>est</strong></span> <span class='ocrx_word' id='word_1_186' title='bbox 901 1822 1208 1867; x_wconf 80' lang='lat' dir='ltr'><strong>exclamantem</strong></span> <span class='ocrx_word' id='word_1_187' title='bbox 1235 1840 1243 1866; x_wconf 93' lang='lat'>:</span> <span class='ocrx_word' id='word_1_188' title='bbox 1271 1822 1419 1867; x_wconf 79' lang='lat' dir='ltr'><strong>«Deus</strong></span> <span class='ocrx_word' id='word_1_189' title='bbox 1451 1839 1570 1868; x_wconf 88' lang='lat' dir='ltr'><strong>meus</strong></span> <span class='ocrx_word' id='word_1_190' title='bbox 1587 1860 1598 1879; x_wconf 85' lang='lat'><strong>,</strong></span> <span class='ocrx_word' id='word_1_191' title='bbox 1637 1823 1754 1868; x_wconf 90' lang='lat' dir='ltr'><strong>Deus</strong></span> 
     </span>
     <span class='ocr_line' id='line_1_24' title="bbox 386 1890 1754 1954; baseline 0.001 -18"><span class='ocrx_word' id='word_1_192' title='bbox 386 1912 406 1933; x_wconf 82' lang='lat'>»</span> <span class='ocrx_word' id='word_1_193' title='bbox 429 1907 547 1936; x_wconf 89' lang='lat' dir='ltr'><strong>meus</strong></span> <span class='ocrx_word' id='word_1_194' title='bbox 562 1928 572 1947; x_wconf 85' lang='grc'>,</span> <span class='ocrx_word' id='word_1_195' title='bbox 589 1902 637 1937; x_wconf 88' lang='lat' dir='ltr'><strong>ut</strong></span> <span class='ocrx_word' id='word_1_196' title='bbox 656 1890 762 1954; x_wconf 87' lang='lat' dir='ltr'><strong>quid</strong></span> <span class='ocrx_word' id='word_1_197' title='bbox 782 1908 848 1936; x_wconf 90' lang='lat' dir='ltr'><strong>me</strong></span> <span class='ocrx_word' id='word_1_198' title='bbox 865 1891 1160 1954; x_wconf 69' lang='lat' dir='ltr'><strong>dereliquisti?</strong></span> <span class='ocrx_word' id='word_1_199' title='bbox 1181 1913 1201 1932; x_wconf 63' lang='lat'><strong>&gt;³</strong></span> <span class='ocrx_word' id='word_1_200' title='bbox 1220 1901 1268 1936; x_wconf 89' lang='lat' dir='ltr'><strong>ut</strong></span> <span class='ocrx_word' id='word_1_201' title='bbox 1281 1908 1329 1937; x_wconf 94' lang='lat' dir='ltr'><strong>eo</strong></span> <span class='ocrx_word' id='word_1_202' title='bbox 1347 1892 1478 1938; x_wconf 90' lang='lat' dir='ltr'><strong>modo</strong></span> <span class='ocrx_word' id='word_1_203' title='bbox 1494 1893 1539 1937; x_wconf 90' lang='lat' dir='ltr'><strong>in</strong></span> <span class='ocrx_word' id='word_1_204' title='bbox 1556 1910 1598 1939; x_wconf 91' lang='lat' dir='ltr'><strong>se</strong></span> <span class='ocrx_word' id='word_1_205' title='bbox 1616 1903 1754 1938; x_wconf 90' lang='lat' dir='ltr'><strong>trans-</strong></span> 
     </span>
     <span class='ocr_line' id='line_1_25' title="bbox 388 1962 1753 2027; baseline 0.001 -19"><span class='ocrx_word' id='word_1_206' title='bbox 388 1963 591 2022; x_wconf 85' lang='lat' dir='ltr'><strong>figuraret</strong></span> <span class='ocrx_word' id='word_1_207' title='bbox 608 1963 815 2026; x_wconf 81' lang='lat' dir='ltr'><strong>Martyres</strong></span> <span class='ocrx_word' id='word_1_208' title='bbox 828 1979 924 2008; x_wconf 92' lang='lat' dir='ltr'><strong>suos</strong></span> <span class='ocrx_word' id='word_1_209' title='bbox 938 1999 949 2018; x_wconf 82' lang='grc'>,</span> <span class='ocrx_word' id='word_1_210' title='bbox 970 1963 1045 2025; x_wconf 79' lang='lat' dir='ltr'><strong>qui</strong></span> <span class='ocrx_word' id='word_1_211' title='bbox 1061 1962 1136 2007; x_wconf 83' lang='lat' dir='ltr'><strong>etsi</strong></span> <span class='ocrx_word' id='word_1_212' title='bbox 1153 1963 1264 2008; x_wconf 87' lang='lat' dir='ltr'><strong>mori</strong></span> <span class='ocrx_word' id='word_1_213' title='bbox 1283 1962 1472 2019; x_wconf 79' lang='lat' dir='ltr'><strong>nollent,</strong></span> <span class='ocrx_word' id='word_1_214' title='bbox 1494 1964 1612 2027; x_wconf 89' lang='lat' dir='ltr'><strong>quod</strong></span> <span class='ocrx_word' id='word_1_215' title='bbox 1627 1965 1753 2010; x_wconf 81' lang='lat' dir='ltr'><strong>etiam</strong></span> 
     </span>
     <span class='ocr_line' id='line_1_26' title="bbox 389 2031 1756 2097; baseline 0.002 -20"><span class='ocrx_word' id='word_1_216' title='bbox 389 2034 517 2078; x_wconf 89' lang='lat' dir='ltr'><strong>Petro</strong></span> <span class='ocrx_word' id='word_1_217' title='bbox 544 2031 682 2077; x_wconf 70' lang='lat' dir='ltr'><strong>dixit:</strong></span> <span class='ocrx_word' id='word_1_218' title='bbox 711 2032 863 2078; x_wconf 78' lang='lat' dir='ltr'><strong>«Alter</strong></span> <span class='ocrx_word' id='word_1_219' title='bbox 887 2043 927 2078; x_wconf 90' lang='lat' dir='ltr'><strong>te</strong></span> <span class='ocrx_word' id='word_1_220' title='bbox 957 2033 1125 2092; x_wconf 76' lang='lat' dir='ltr'><strong>cinget,</strong></span> <span class='ocrx_word' id='word_1_221' title='bbox 1156 2044 1196 2078; x_wconf 90' lang='lat' dir='ltr'><strong>et</strong></span> <span class='ocrx_word' id='word_1_222' title='bbox 1225 2033 1331 2080; x_wconf 85' lang='lat' dir='ltr'><strong>feret</strong></span> <span class='ocrx_word' id='word_1_223' title='bbox 1361 2051 1447 2097; x_wconf 90' lang='lat' dir='ltr'><strong>quo</strong></span> <span class='ocrx_word' id='word_1_224' title='bbox 1479 2044 1526 2080; x_wconf 86' lang='lat' dir='ltr'><strong>tu</strong></span> <span class='ocrx_word' id='word_1_225' title='bbox 1557 2053 1645 2081; x_wconf 90' lang='lat' dir='ltr'><strong>non</strong></span> <span class='ocrx_word' id='word_1_226' title='bbox 1668 2036 1756 2092; x_wconf 83' lang='lat' dir='ltr'><strong>vis,</strong></span> 
     </span>
     <span class='ocr_line' id='line_1_27' title="bbox 392 2103 1758 2166; baseline 0.004 -20"><span class='ocrx_word' id='word_1_227' title='bbox 392 2124 413 2145; x_wconf 83' lang='grc'>»</span> <span class='ocrx_word' id='word_1_228' title='bbox 433 2103 676 2163; x_wconf 84' lang='lat' dir='ltr'><strong>significans</strong></span> <span class='ocrx_word' id='word_1_229' title='bbox 693 2120 778 2166; x_wconf 85' lang='lat' dir='ltr'><strong>qua</strong></span> <span class='ocrx_word' id='word_1_230' title='bbox 799 2115 935 2149; x_wconf 84' lang='lat' dir='ltr'><strong>morte</strong></span> <span class='ocrx_word' id='word_1_231' title='bbox 949 2103 1261 2150; x_wconf 85' lang='lat' dir='ltr'><strong>clarificaturus</strong></span> <span class='ocrx_word' id='word_1_232' title='bbox 1278 2115 1368 2150; x_wconf 81' lang='lat' dir='ltr'><strong>erat</strong></span> <span class='ocrx_word' id='word_1_233' title='bbox 1383 2107 1522 2151; x_wconf 91' lang='lat' dir='ltr'><strong>Deum</strong></span> <span class='ocrx_word' id='word_1_234' title='bbox 1538 2105 1574 2162; x_wconf 67' lang='lat'><strong>4,</strong></span> <span class='ocrx_word' id='word_1_235' title='bbox 1598 2127 1619 2149; x_wconf 79' lang='lat'>»</span> <span class='ocrx_word' id='word_1_236' title='bbox 1640 2116 1682 2151; x_wconf 86' lang='lat' dir='ltr'><strong>et</strong></span> <span class='ocrx_word' id='word_1_237' title='bbox 1701 2105 1758 2151; x_wconf 89' lang='lat' dir='ltr'><strong>ob</strong></span> 
     </span>
     <span class='ocr_line' id='line_1_28' title="bbox 390 2173 1760 2239; baseline 0.003 -21"><span class='ocrx_word' id='word_1_238' title='bbox 390 2173 477 2219; x_wconf 89' lang='lat' dir='ltr'><strong>hoc</strong></span> <span class='ocrx_word' id='word_1_239' title='bbox 500 2191 522 2219; x_wconf 86' lang='lat' dir='ltr'><strong>a</strong></span> <span class='ocrx_word' id='word_1_240' title='bbox 547 2174 636 2218; x_wconf 93' lang='lat' dir='ltr'><strong>Deo</strong></span> <span class='ocrx_word' id='word_1_241' title='bbox 660 2190 736 2219; x_wconf 88' lang='lat' dir='ltr'><strong>suo</strong></span> <span class='ocrx_word' id='word_1_242' title='bbox 772 2173 962 2219; x_wconf 85' lang='lat' dir='ltr'><strong>derelicti</strong></span> <span class='ocrx_word' id='word_1_243' title='bbox 987 2174 1234 2220; x_wconf 76' lang='lat' dir='ltr'><strong>viderentur</strong></span> <span class='ocrx_word' id='word_1_244' title='bbox 1259 2175 1313 2221; x_wconf 91' lang='lat' dir='ltr'><strong>ad</strong></span> <span class='ocrx_word' id='word_1_245' title='bbox 1338 2186 1507 2239; x_wconf 87' lang='lat' dir='ltr'><strong>tempus</strong></span> <span class='ocrx_word' id='word_1_246' title='bbox 1523 2213 1533 2231; x_wconf 76' lang='lat'>,</span> <span class='ocrx_word' id='word_1_247' title='bbox 1573 2193 1673 2222; x_wconf 90' lang='lat' dir='ltr'><strong>cum</strong></span> <span class='ocrx_word' id='word_1_248' title='bbox 1701 2177 1760 2222; x_wconf 87' lang='lat' dir='ltr'><strong>cis</strong></span> 
     </span>
     <span class='ocr_line' id='line_1_29' title="bbox 392 2244 1758 2307; baseline 0.002 -18"><span class='ocrx_word' id='word_1_249' title='bbox 392 2254 597 2307; x_wconf 86' lang='lat' dir='ltr'><strong>praestare</strong></span> <span class='ocrx_word' id='word_1_250' title='bbox 620 2244 752 2289; x_wconf 91' lang='lat' dir='ltr'><strong>nollet</strong></span> <span class='ocrx_word' id='word_1_251' title='bbox 776 2244 893 2307; x_wconf 90' lang='lat' dir='ltr'><strong>quod</strong></span> <span class='ocrx_word' id='word_1_252' title='bbox 909 2245 1089 2301; x_wconf 78' lang='lat' dir='ltr'><strong>vellent,</strong></span> <span class='ocrx_word' id='word_1_253' title='bbox 1113 2245 1229 2291; x_wconf 82' lang='lat' dir='ltr'><strong>illam</strong></span> <span class='ocrx_word' id='word_1_254' title='bbox 1256 2263 1404 2292; x_wconf 83' lang='lat' dir='ltr'><strong>vocem</strong></span> <span class='ocrx_word' id='word_1_255' title='bbox 1427 2246 1570 2292; x_wconf 89' lang='lat' dir='ltr'><strong>cordis</strong></span> <span class='ocrx_word' id='word_1_256' title='bbox 1588 2248 1758 2292; x_wconf 88' lang='lat' dir='ltr'><strong>emitte-</strong></span> 
     </span>
     <span class='ocr_line' id='line_1_30' title="bbox 396 2313 1758 2380; baseline 0.002 -21"><span class='ocrx_word' id='word_1_257' title='bbox 396 2324 515 2369; x_wconf 82' lang='lat' dir='ltr'><strong>rent,</strong></span> <span class='ocrx_word' id='word_1_258' title='bbox 539 2313 749 2377; x_wconf 89' lang='lat' dir='ltr'><strong>illumque</strong></span> <span class='ocrx_word' id='word_1_259' title='bbox 775 2314 1032 2360; x_wconf 88' lang='lat' dir='ltr'><strong>adhiberent</strong></span> <span class='ocrx_word' id='word_1_260' title='bbox 1058 2315 1228 2377; x_wconf 80' lang='lat' dir='ltr'><strong>pietatis</strong></span> <span class='ocrx_word' id='word_1_261' title='bbox 1255 2318 1449 2362; x_wconf 86' lang='lat' dir='ltr'><strong>affectum</strong></span> <span class='ocrx_word' id='word_1_262' title='bbox 1466 2354 1476 2373; x_wconf 85' lang='lat'>‚</span> <span class='ocrx_word' id='word_1_263' title='bbox 1502 2334 1631 2380; x_wconf 89' lang='lat' dir='ltr'><strong>quem</strong></span> <span class='ocrx_word' id='word_1_264' title='bbox 1654 2334 1758 2380; x_wconf 89' lang='lat' dir='ltr'><strong>pas-</strong></span> 
     </span>
     <span class='ocr_line' id='line_1_31' title="bbox 398 2383 1760 2449; baseline 0.003 -21"><span class='ocrx_word' id='word_1_265' title='bbox 398 2383 512 2428; x_wconf 89' lang='lat' dir='ltr'><strong>sione</strong></span> <span class='ocrx_word' id='word_1_266' title='bbox 536 2383 812 2446; x_wconf 80' lang='lat' dir='ltr'><strong>impendente</strong></span> <span class='ocrx_word' id='word_1_267' title='bbox 843 2401 913 2429; x_wconf 85' lang='lat' dir='ltr'><strong>ore</strong></span> <span class='ocrx_word' id='word_1_268' title='bbox 939 2384 1115 2447; x_wconf 81' lang='lat' dir='ltr'><strong>proprio</strong></span> <span class='ocrx_word' id='word_1_269' title='bbox 1139 2386 1350 2432; x_wconf 88' lang='lat' dir='ltr'><strong>Dominus</strong></span> <span class='ocrx_word' id='word_1_270' title='bbox 1375 2387 1601 2449; x_wconf 77' lang='lat' dir='ltr'><strong>expressit,</strong></span> <span class='ocrx_word' id='word_1_271' title='bbox 1627 2386 1760 2432; x_wconf 87' lang='lat' dir='ltr'><strong>cosin</strong></span> 
     </span>
    </p>
   </div>
   <div class='ocr_carea' id='block_1_3' title="bbox 397 2508 1763 2604">
    <p class='ocr_par' dir='ltr' id='par_1_4' title="bbox 397 2508 1763 2604">
     <span class='ocr_line' id='line_1_32' title="bbox 444 2508 1763 2552; baseline 0.005 -13"><span class='ocrx_word' id='word_1_272' title='bbox 444 2509 455 2530; x_wconf 91' lang='lat'><strong>¹</strong></span> <span class='ocrx_word' id='word_1_273' title='bbox 487 2519 503 2539; x_wconf 78' lang='lat'><strong>2</strong></span> <span class='ocrx_word' id='word_1_274' title='bbox 533 2511 606 2542; x_wconf 87' lang='lat' dir='ltr'><strong>Cor.</strong></span> <span class='ocrx_word' id='word_1_275' title='bbox 630 2520 676 2548; x_wconf 76' lang='grc' dir='ltr'><strong>ιιι,</strong></span> <span class='ocrx_word' id='word_1_276' title='bbox 708 2521 760 2546; x_wconf 66' lang='lat'><strong>¹⁴·</strong></span> <span class='ocrx_word' id='word_1_277' title='bbox 781 2508 856 2534; x_wconf 77' lang='lat'><strong>-2</strong></span> <span class='ocrx_word' id='word_1_278' title='bbox 882 2508 959 2543; x_wconf 87' lang='lat' dir='ltr'><strong>Luc.</strong></span> <span class='ocrx_word' id='word_1_279' title='bbox 987 2521 1034 2548; x_wconf 83' lang='lat' dir='ltr'><strong>xx,</strong></span> <span class='ocrx_word' id='word_1_280' title='bbox 1060 2512 1114 2542; x_wconf 76' lang='lat'><strong>51.</strong></span> <span class='ocrx_word' id='word_1_281' title='bbox 1139 2528 1182 2535; x_wconf 96' lang='lat'>—</span> <span class='ocrx_word' id='word_1_282' title='bbox 1207 2509 1220 2535; x_wconf 80' lang='grc'>3</span> <span class='ocrx_word' id='word_1_283' title='bbox 1251 2523 1263 2542; x_wconf 92' lang='lat'>1</span> <span class='ocrx_word' id='word_1_284' title='bbox 1295 2511 1449 2550; x_wconf 82' lang='lat' dir='ltr'><strong>Tim.v1‚</strong></span> <span class='ocrx_word' id='word_1_285' title='bbox 1480 2523 1533 2552; x_wconf 79' lang='lat'><strong>17·</strong></span> <span class='ocrx_word' id='word_1_286' title='bbox 1555 2529 1599 2535; x_wconf 95' lang='lat'><strong>—</strong></span> <span class='ocrx_word' id='word_1_287' title='bbox 1627 2509 1640 2534; x_wconf 77' lang='lat'>⁴</span> <span class='ocrx_word' id='word_1_288' title='bbox 1667 2514 1763 2546; x_wconf 87' lang='lat' dir='ltr'><strong>Joan.</strong></span> 
     </span>
     <span class='ocr_line' id='line_1_33' title="bbox 397 2565 540 2604; baseline 0.007 -10"><span class='ocrx_word' id='word_1_289' title='bbox 397 2565 540 2604; x_wconf 80' lang='lat' dir='ltr'>xx1‚18.</span> 
     </span>
    </p>
   </div>
  </div>
 </body>
</html>
