1799 3251
334 285 427 342 324
754 299 788 327 s.
833 294 1075 326 Anousrmr
1112 293 1313 325 Errscom

402 367 460 411 ll.
502 366 614 410 Ecce
642 362 761 410 venit
795 361 848 407 ad
899 379 965 407 me
1004 360 1224 420 religiosus
1250 357 1448 418 juvenis,
1488 356 1706 403 catholica

337 454 445 501 pace
475 435 622 488 frater,
657 444 783 479 aetate
824 432 967 489 filius,
1005 432 1171 476 honore
1206 429 1533 492 compresbyter
1565 438 1707 474 noster

340 507 537 561 Orosius,
559 505 662 564 vigil
680 503 868 563 ingenio,
886 512 1117 565 promptus
1137 499 1322 562 eloquio,
1337 499 1522 558 flagrans
1541 496 1703 553 studio,

338 577 442 623 utile
465 593 537 623 vas
561 576 605 620 in
631 575 761 620 domo
787 573 962 618 Domini
978 590 1063 618 esse
1083 570 1328 617 desiderans
1343 606 1353 625 ‚
1385 569 1437 614 ad
1457 567 1708 614 refellendas

337 647 462 693 falsas
480 645 827 709 perniciosasque
845 643 1063 688 doctrinas
1081 679 1091 697 ,
1117 657 1216 704 quae
1235 639 1397 684 animas
1412 639 1707 701 Hispanorum

336 717 476 763 multo
499 715 711 761 infelicius
730 751 739 766 ,
764 730 895 776 quam
913 729 1096 775 corpora
1118 709 1376 756 barbaricus
1404 708 1572 768 gladius
1591 744 1600 765 ‚
1621 718 1710 753 tru-

336 787 553 833 cidarunt.
586 785 697 830 Nam
716 783 816 828 inde
842 782 894 828 ad
925 799 1003 827 nos
1031 797 1164 844 usque
1188 779 1242 824 ab
1266 779 1429 824 Oceani
1447 778 1592 824 littore
1609 794 1711 840 pro-

336 855 519 921 peravit,
539 854 653 899 fama
675 854 852 908 excitus,
878 851 995 915 quod
1011 869 1033 896 a
1051 867 1119 896 nie
1134 859 1276 913 posset
1300 849 1353 894 de
1369 849 1456 901 his,
1485 864 1584 912 quae
1603 847 1712 892 scire

336 926 464 974 vellet
501 923 719 988 quidquid
755 923 883 968 vellet
916 921 1077 968 audire.
1118 922 1269 983 Neque
1302 919 1471 965 nullum
1498 918 1615 981 cepit
1639 917 1710 962 ad-

337 1006 491 1043 ventus
525 994 588 1039 sui
614 994 824 1039 fructum.
848 993 996 1037 Primo
1020 1010 1074 1037 ne
1098 990 1151 1036 de
1174 1007 1241 1035 me
1265 989 1451 1035 multum
1470 988 1597 1033 famae
1616 1003 1712 1033 cre-

337 1068 469 1114 deret.
504 1065 669 1110 Deinde
689 1064 820 1109 docui
840 1063 1063 1108 hominem
1090 1061 1210 1125 quod
1241 1061 1367 1123 potui
1392 1078 1401 1105 :
1424 1059 1544 1123 quod
1568 1068 1712 1104 autem

337 1155 424 1184 non
447 1136 602 1200 potui,
632 1134 747 1179 unde
781 1133 944 1178 discere
978 1143 1151 1195 posset,
1180 1131 1408 1183 admonui,
1434 1140 1563 1192 atque
1585 1139 1636 1173 ut
1658 1127 1714 1172 ad

338 1218 378 1253 te
401 1208 481 1252 iret
500 1206 699 1250 hortatus
716 1220 826 1248 sum.
859 1202 956 1258 Qua
972 1203 1017 1246 in
1041 1219 1084 1246 re
1103 1200 1329 1246 consilium
1352 1199 1417 1245 vel
1440 1207 1713 1262 praeceptum

337 1293 481 1323 meum
508 1292 608 1320 cum
635 1273 821 1318 libenter
844 1283 884 1317 et
906 1271 1158 1316 obedienter
1188 1270 1420 1333 acciperet,
1449 1268 1595 1328 rogavi
1616 1284 1713 1312 eum

338 1357 386 1393 ut
409 1347 484 1391 abs
509 1355 548 1389 te
577 1343 772 1397 veniens,
796 1359 874 1406 per
899 1359 976 1386 nos
1012 1341 1065 1386 ad
1103 1340 1282 1404 propria
1317 1349 1539 1384 remearet.
1569 1337 1714 1393 Quam

337 1420 428 1476 ejus
464 1412 823 1478 pollicitationem
861 1422 1008 1456 tenens
1028 1447 1038 1466 ,
1075 1411 1343 1456 occasionem
1368 1409 1478 1454 mihi
1501 1407 1666 1453 credidi
1691 1425 1714 1452 a

339 1485 527 1531 Domino
552 1499 638 1529 esse
655 1498 923 1536 concessam,
945 1497 1031 1543 qua
1058 1480 1136 1525 tibi
1158 1480 1391 1525 scriberem
1411 1478 1464 1524 de
1493 1477 1562 1523 his
1579 1514 1590 1534 ‚
1615 1493 1716 1540 quae

338 1573 416 1620 per
435 1566 474 1600 te
495 1554 601 1600 scire
617 1553 762 1616 cupio,
790 1552 1056 1608 Quaerebam
1072 1551 1186 1596 enim
1203 1567 1331 1613 quem
1354 1550 1407 1594 ad
1427 1559 1465 1594 te
1484 1549 1713 1605 mitterem,

339 1643 417 1672 nec
443 1625 553 1670 mihi
575 1623 700 1669 facile
718 1623 975 1668 occurrebat
996 1621 1174 1667 idoneus
1201 1632 1242 1666 et
1268 1620 1351 1666 fide
1373 1619 1543 1679 agendi,
1566 1630 1607 1665 et
1627 1618 1714 1664 ala-

340 1698 492 1743 critate
516 1693 776 1750 obediendi,
795 1704 836 1738 et
852 1693 1154 1739 exercitatione
1173 1690 1491 1755 peregrinandi.
1514 1689 1600 1735 Ubi
1615 1706 1715 1749 ergo

340 1767 470 1812 istum
490 1767 695 1824 juvenem
715 1774 913 1826 expertus
945 1780 1039 1808 sum
1059 1799 1069 1818 ‚
1099 1779 1197 1808 eum
1223 1762 1366 1824 ipsum
1389 1778 1474 1806 esse
1495 1759 1667 1824 qualem
1694 1777 1716 1804 a

344 1836 533 1883 Domino
559 1835 762 1898 petebam
781 1870 791 1889 ,
815 1834 1018 1880 dubitare
1037 1851 1123 1879 non
1146 1833 1287 1896 potui.

410 1906 492 1951 lll.
526 1904 689 1967 Accipe
708 1903 840 1963 igitur
859 1920 959 1966 quae
976 1903 1104 1959 mihi,
1131 1913 1245 1965 peto,
1267 1901 1430 1965 aperire
1448 1918 1496 1947 ac
1514 1901 1717 1947 disserere

345 1993 434 2023 non
457 1977 656 2034 graveris.
688 1973 882 2028 Quaestio
900 1973 952 2018 de
977 1973 1118 2018 anima
1137 1973 1295 2017 multos
1315 1982 1480 2028 movet,
1498 1972 1542 2017 in
1558 1971 1718 2034 quibus

347 2056 389 2092 et
416 2061 482 2089 me
503 2059 587 2088 esse
611 2043 833 2088 confiteor.
874 2043 980 2087 Nam
1003 2041 1110 2104 quid
1144 2041 1196 2086 de
1230 2041 1370 2085 anima
1394 2041 1635 2085 firmissime
1654 2051 1716 2085 te-

347 2131 495 2169 neam,
515 2130 602 2157 non
626 2111 792 2157 tacebo.
822 2111 987 2156 Deinde
1004 2111 1263 2170 subjungam
1280 2148 1290 2167 ,
1309 2110 1416 2172 quid
1441 2111 1551 2156 mihi
1571 2111 1718 2157 adhuc

348 2183 538 2247 expediri
564 2182 706 2228 velim.
750 2180 905 2225 Anima
931 2181 1120 2225 hominis
1146 2180 1401 2225 immortalis
1435 2190 1526 2236 est,
1568 2197 1718 2227 secun-

351 2254 458 2300 dum
477 2251 711 2315 quemdam
728 2250 906 2295 modum
922 2267 1063 2296 suum.
1086 2251 1180 2295 [Non
1195 2249 1306 2295 enim
1323 2250 1441 2294 omni
1460 2249 1590 2295 modo
1607 2252 1720 2297 sicut

353 2326 496 2378 Deus,
525 2322 576 2367 de
594 2338 682 2385 quo
710 2320 877 2366 dictum
901 2330 961 2365 est
981 2357 991 2375 ‚
1019 2341 1037 2359 r<
1060 2320 1174 2376 Quia
1208 2320 1322 2366 solus
1342 2320 1475 2365 habet
1499 2321 1719 2367 immorta-

354 2417 374 2438 »
397 2395 559 2439 litatem
575 2392 609 2439 4.
645 2413 664 2434 »
694 2394 805 2437 Nam
827 2391 880 2437 de
904 2391 1058 2437 animae
1082 2392 1294 2437 mortibus
1316 2402 1462 2437 sancta
1493 2393 1720 2456 Scriptura

355 2465 490 2511 multa
514 2473 824 2509 commemorat
852 2480 862 2506 ε
891 2462 1005 2507 unde
1028 2462 1135 2507 illud
1160 2474 1248 2517 est,
1276 2484 1295 2503 ε(
1326 2462 1427 2507 Sine
1447 2473 1640 2508 mortuos
1660 2480 1721 2509 se-

354 2557 375 2579 »
395 2535 526 2599 pelire
549 2544 743 2579 mortuos
770 2549 867 2578 suos
879 2534 911 2578 ³³.
937 2553 957 2575 »
987 2532 1072 2579 Sed
1096 2532 1217 2596 quod
1241 2532 1301 2579 ita
1331 2532 1515 2579 moritur
1536 2533 1720 2580 alienata

400 2621 410 2642 ¹
439 2631 449 2650 1
472 2619 554 2652 Tim.
573 2630 615 2661 n,
636 2619 687 2652 16.
704 2637 743 2641 -—
763 2616 777 2638 2
792 2616 908 2649 Matih.
928 2626 998 2655 vm,
1018 2628 1071 2647 2⁴2.
