1799 3251
580 296 791 334 E'PisroLA
827 300 1051 338 ctxxxvn.
1401 293 1455 344 51
1473 312 1488 345 1

122 360 279 414 Beatus
303 361 457 414 Petrus
481 366 536 414 ad
561 368 676 414 hanc
697 383 784 415 rem
814 370 1107 419 testimonium
1133 370 1185 419 de
1203 371 1386 422 Psalmis
1410 376 1492 424 ad-

121 436 273 491 hibet,
306 438 381 483 ubi
408 438 670 501 praedictum
694 455 780 485 esse
803 439 1073 489 demonstrat
1091 461 1101 488 ε
1119 464 1139 484 «
1160 444 1377 501 Quoniam
1406 465 1497 495 non

123 529 144 550 »
159 504 432 572 derelinques
446 509 633 555 animam
648 525 787 555 meam
800 511 847 556 in
863 511 1048 569 inferno,
1067 531 1205 577 neque
1222 514 1348 562 dabis
1362 517 1495 564 Sanc-

123 599 144 621 »
163 589 254 624 tum
275 590 401 626 tuum
419 579 564 626 Videre
584 580 953 643 corruptionem&
981 603 1002 624 »
1020 582 1138 629 Illud
1160 583 1213 629 de
1240 586 1383 632 anima
1405 587 1497 633 dic-

121 656 215 693 tum
237 659 324 705 est,
348 649 452 713 quia
476 662 566 695 non
596 648 659 694 ibi
682 660 744 695 est
767 650 974 697 derelicta
992 689 1004 708 ‚
1042 653 1157 699 unde
1189 664 1279 699 tam
1299 655 1388 702 cito
1421 674 1493 702 re-

121 718 313 764 meavit:
348 717 458 763 illud
491 718 544 764 de
574 734 781 782 corpore,
810 719 928 782 quod
963 721 1009 765 in
1041 721 1240 785 sepulcro
1271 726 1497 788 corrumpi

122 783 251 834 celeri
277 789 588 834 resurrectione
612 806 701 834 non
722 791 880 853 potuit.
914 790 997 836 Sed
1020 792 1065 836 in
1093 792 1292 855 sepulcro
1315 795 1497 857 paradi-

122 873 216 903 sum
235 859 379 904 nullus
405 857 621 919 intelligit.
650 860 706 904 Et
736 861 769 905 si
790 861 1022 923 quisquam
1041 872 1146 907 esset
1171 863 1230 908 ita
1251 863 1465 911 absurdus
1481 903 1494 923 ,

121 937 170 973 ut
183 922 270 974 hoc
287 945 434 991 sapere
448 939 694 985 conaretur,
710 947 758 975 eo
773 930 892 993 quod
912 931 1024 977 illud
1041 932 1287 995 sepulcrum
1304 934 1347 979 in
1368 935 1497 982 horto

122 1008 242 1052 erat3
266 1004 382 1044 certe
399 999 506 1044 hinc
534 998 590 1043 ab
619 999 698 1044 ista
719 1001 925 1062 opinione
947 1012 1240 1058 revocaretur,
1274 1004 1396 1067 quod
1425 1004 1497 1051 ille

118 1067 193 1113 'cui
217 1067 384 1113 dictum
413 1078 475 1113 est
498 1085 508 1113 ε
533 1089 553 1110 ε(
573 1068 715 1114 Hodie
735 1086 907 1115 mecum
927 1072 1008 1115 eris
1032 1071 1076 1117 in
1108 1072 1310 1135 paradiso
1327 1110 1338 1128 ‚
1365 1095 1385 1115 »
1409 1092 1499 1120 non

121 1137 195 1183 illo
226 1137 294 1184 die
313 1137 398 1184 fuit
421 1150 522 1184 cum
549 1139 726 1184 Christo
746 1141 791 1184 in
814 1139 889 1185 illo
924 1140 1123 1204 sepulcro
1149 1163 1159 1196 ;
1187 1160 1266 1188 nec
1286 1147 1378 1203 ejus
1397 1146 1498 1191 fidei

121 1223 204 1271 pro
223 1225 380 1268 magno
397 1225 575 1254 munere
595 1210 820 1255 offerretur
835 1209 1057 1273 sepultura
1071 1211 1211 1257 carnis
1226 1250 1237 1269 ,
1258 1213 1369 1259 nihil
1387 1232 1497 1274 gau-

123 1278 185 1324 dii
200 1278 268 1326 Vel
287 1278 448 1325 doloris
466 1279 513 1325 in
533 1291 672 1326 morte
703 1281 922 1327 sentientis
935 1319 946 1339 ,
969 1299 1070 1328 cum
1084 1282 1156 1328 ille
1175 1283 1228 1329 de
1247 1284 1395 1348 requie
1418 1286 1498 1332 ubi

123 1365 268 1394 sensus
286 1359 347 1394 est
364 1350 585 1409 cogitaret.

182 1417 258 1466 VI.
287 1419 438 1464 Restat
456 1420 590 1479 igitur
611 1431 659 1466 ut
673 1420 707 1466 si
730 1420 971 1467 secundum
993 1421 1216 1468 hominem
1232 1423 1400 1470 (lictum
1414 1437 1492 1483 est,

123 1510 144 1531 (ε
165 1488 309 1535 Hodie
333 1503 504 1536 mecum
524 1491 605 1536 eris
622 1491 668 1537 in
689 1492 893 1554 paradiso
907 1529 917 1547 ‚
933 1513 953 1534 »
972 1491 1018 1537 in
1041 1492 1211 1539 inferno
1232 1493 1499 1555 intelligatur

122 1576 209 1606 esse
232 1560 458 1623 paradisus
475 1597 486 1616 ‚
514 1561 594 1606 ubi
611 1570 700 1607 erat
722 1579 771 1607 eo
793 1557 862 1607 die
884 1557 1055 1608 futurus
1073 1563 1312 1610 secundum
1335 1564 1501 1611 huma-

123 1647 225 1675 nam
249 1630 439 1675 animam
467 1630 682 1677 Christus.
711 1631 869 1677 Utrum
893 1642 1032 1677 autern
1058 1633 1175 1677 sinus
1193 1632 1263 1678 ille
1282 1634 1494 1693 Abrahae,

124 1699 202 1745 ubi
234 1698 352 1745 dives
383 1699 544 1764 impius
587 1717 688 1745 cum
728 1701 773 1745 in
806 1702 1032 1747 tormentis
1061 1712 1165 1747 esset
1189 1702 1400 1760 inferni2,
1427 1723 1497 1750 re-

118 1771 412 1834 quiescentem
453 1787 691 1833 pauperem
733 1770 845 1816 vidit
861 1808 871 1827 ,
922 1771 987 1816 vel
1029 1772 1221 1834 paradisi
1257 1773 1498 1821 censendus

122 1839 339 1885 vocabulo
355 1876 366 1892 ,
392 1837 460 1885 ve']
488 1840 542 1884 ad
561 1839 718 1885 inferos
742 1843 960 1902 pertinere
985 1839 1292 1887 existimandus
1315 1845 1388 1898 sit,
1409 1861 1497 1889 non

122 1907 251 1955 facile
289 1907 482 1956 dixerim.
521 1910 584 1954 De
621 1909 696 1955 illo
738 1910 905 1973 quippe
948 1909 1081 1956 divite
1114 1910 1295 1971 legimus
1330 1912 1496 1960 dictum

124 1990 238 2036 esse,
276 2000 297 2022 <c
314 1977 518 2025 Mortuus
552 1991 614 2025 est
636 1990 782 2026 autem
815 1991 856 2025 et
890 1981 1039 2035 dives;
1075 1991 1116 2026 et
1146 1981 1338 2044 sepultus
1368 1994 1430 2029 est
1453 1984 1499 2030 in

125 2043 332 2099 »inferno
348 2050 365 2079 3
386 2068 396 2095 :
421 2072 442 2092 ³>
466 2061 508 2096 et
532 2067 631 2096 cum
660 2051 774 2114 apud
801 2050 960 2097 inferos
989 2051 1034 2096 in
1057 2053 1282 2097 tormentis
1302 2065 1421 2101 essct.
1446 2056 1499 2100 Iu

122 2121 329 2185 ‘pauperis
361 2132 503 2167 autem
532 2131 670 2166 morte
696 2121 762 2167 vel
789 2122 936 2184 requie
970 2139 1058 2167 non
1082 2132 1182 2167 sunt
1204 2122 1328 2168 inferi
1353 2126 1498 2170 nomi-

125 2194 248 2240 nati:
278 2193 352 2239 sed
374 2231 384 2249 ,
424 2194 683 2254 «Contigit,
724 2194 892 2257 inquit,
925 2195 1035 2239 niori
1072 2194 1250 2257 inopem
1284 2195 1406 2241 illum
1425 2233 1435 2251 ‚
1459 2207 1500 2242 et

127 2286 149 2308 ))
168 2260 330 2311 'au'ferri
355 2260 412 2309 ab
438 2263 610 2324 Angelis
632 2264 676 2309 in
695 2264 835 2310 sinum
864 2260 1070 2311 Abrahae.
1093 2285 1113 2305 »
1143 2264 1307 2309 Deinde
1333 2265 1501 2312 ardenti

127 2335 254 2382 diviti
276 2334 384 2380 dicit
406 2334 628 2380 Abraham
652 2371 661 2385 ,
688 2335 845 2379 «Inter
869 2351 945 2379 nos
975 2344 1015 2378 et
1038 2351 1112 2379 vos
1137 2333 1269 2380 chaos
1295 2353 1500 2394 inagnum

129 2430 150 2452 ›>
168 2403 396 2454 ‘firmatum
420 2399 511 2452 θεῖῖι
534 2444 545 2462 ,
569 2429 589 2449 v
613 2417 820 2470 tanquam
853 2406 965 2451 inter
987 2404 1143 2451 inferos
1176 2407 1378 2470 sedesque
1404 2409 1502 2454 bea-

128 2492 291 2528 torum.
320 2481 420 2527 Non
441 2479 556 2526 enim
576 2478 702 2525 facile
722 2478 884 2524 alicubi
906 2477 1232 2541 Scripturarum
1263 2480 1499 2527 inferorum

176 2572 187 2594 ¹
216 2573 285 2605 Act.
306 2576 347 2612 ⁷11,
376 2582 440 2612 27,
472 2577 505 2603 et
532 2566 612 2603 Psal.
640 2581 693 2614 xv,
725 2581 777 2601 ιο.
803 2588 846 2594 -
865 2564 890 2591 “2
914 2572 990 2602 Luc.
1010 2579 1081 2614 xm,
1103 2572 1158 2602 23.
1178 2588 1220 2595 -
1245 2568 1259 2594 3
1280 2571 1363 2605 Ibid.
1384 2583 1437 2605 22.
1453 2589 1499 2597 «-

129 2625 144 2652 ⁴
163 2626 250 2662 Ibid.
275 2627 330 2661 26.
