1799 3251
606 287 818 317 mustum
855 289 946 318 etv.
1371 277 1460 323 233

89 372 245 401 norum
265 365 523 400 aeternorum
543 352 661 399 fideli
684 354 762 399 Dei
781 354 1063 417 promissione
1092 366 1133 401 et
1161 355 1280 402 fideli
1312 369 1460 404 nostra

91 425 385 488 expectatione
402 424 653 484 gaudemus.
682 424 748 469 Ad
768 425 853 470 hoc
874 441 949 470 nos
971 425 1223 472 exhortatus
1241 428 1462 489 apostolus

86 495 249 541 Paulus
271 495 342 542 ait.
369 516 388 535 «
412 495 499 557 Spe
518 494 749 554 gaudentes
765 531 776 547 ,
803 496 847 540 in
871 495 1152 541 tribulatione
1173 497 1382 560 patientes
1397 497 1462 544 ¹.»

87 565 288 611 Ostendit
318 566 429 610 enim
449 582 582 628 quare
614 567 657 610 in
683 565 963 611 tribulatione
994 567 1229 629 patientes,
1258 568 1460 630 praemit-

85 636 324 691 mittendo,
364 658 382 675 u
409 637 494 698 Spe
529 637 775 695 gaudentes.
811 659 829 677 >2
862 636 930 682 Ad
955 637 1071 682 hanc
1103 654 1223 699 spem
1258 638 1460 684 exhortor

84 723 163 769 per
185 707 331 751 Jesum
354 706 576 750 Christum
611 707 844 751 Dominum
871 717 1079 752 nostrum.
1100 707 1195 752 Hoc
1214 708 1327 752 enim
1345 709 1462 753 Deus

83 776 174 838 ipse
202 777 418 835 magister,
445 776 603 821 latente
624 780 842 835 majestate
865 777 1104 822 divinitatis
1120 813 1130 832 ‚
1163 787 1204 821 et
1228 778 1368 822 earnis
1388 778 1460 822 111-

85 845 286 891 firmitate
310 857 562 908 apparente.
589 864 673 891 non
698 847 835 892 solum
864 848 1070 892 sermonis
1091 846 1268 893 oraculo
1293 847 1459 904 docuit,

84 918 364 961 verumetiam
389 933 478 960 suae
511 918 717 978 passionis
745 927 786 961 et
817 917 1137 962 resurrectionis
1162 917 1356 980 exemplo
1383 934 1457 962 ro-

84 985 268 1031 boravit.
313 987 362 1030 111
386 985 517 1030 altera
540 987 653 1041 enim
684 986 827 1048 qualia
850 986 1031 1032 tolerare
1051 1023 1062 1042 ,
1093 987 1137 1031 111
1164 987 1294 1032 altera
1313 986 1460 1050 qualia

85 1054 317 1100 debeamus
340 1072 508 1118 sperare
535 1056 804 1102 monstravit.
841 1057 979 1115 Cujus
1004 1067 1044 1101 et
1070 1056 1132 1101 illi
1157 1057 1334 1115 gratiam
1367 1074 1461 1102 me-

84 1135 278 1170 rerentur
295 1162 305 1181 ‚
330 1126 407 1170 nisi
426 1125 522 1171 elati
545 1126 771 1189 inflatique
791 1127 995 1189 superbia
1015 1163 1025 1182 ,
1047 1127 1233 1172 inaniter
1255 1144 1460 1172 conaren-

85 1206 156 1240 tur
178 1195 300 1241 istam
326 1196 459 1241 vitam
485 1197 656 1242 beatam
680 1198 763 1260 ipsi
789 1198 871 1242 sibi
895 1197 1052 1252 facere,
1078 1196 1197 1260 quod
1216 1198 1330 1243 solus
1345 1199 1460 1244 Deus

84 1267 294 1311 veraciter
317 1265 558 1312 cultoribus
581 1267 690 1322 suis,
712 1278 810 1330 post
838 1267 953 1312 hanc
980 1268 1114 1312 vitam
1135 1284 1176 1312 se
1199 1267 1459 1327 largiturum

85 1353 170 1382 esse
194 1336 404 1398 promisit.
442 1337 598 1382 Sanior
629 1339 796 1400 quippe
830 1348 891 1383 est
914 1337 1105 1397 eiusdem
1142 1338 1363 1383 Ciceronis
1384 1337 1459 1383 illa

84 1408 288 1452 sententia
306 1443 316 1461 ‚
342 1407 418 1451 ubi
448 1408 534 1462 ait,
575 1428 596 1449 «
622 1409 733 1453 Nam
771 1408 868 1453 haec
905 1409 990 1453 vita
1022 1407 1199 1471 quidem
1227 1425 1340 1453 mors
1364 1418 1457 1463 est,

86 1499 106 1518 >2
131 1493 260 1539 quam
282 1477 506 1522 lamentari
529 1494 695 1540 possem
715 1515 726 1532 ‚
759 1478 793 1522 si
827 1477 980 1523 liberet
997 1479 1030 1524 2.
1055 1500 1073 1518 ›>
1098 1478 1331 1534 Quomodo
1358 1495 1458 1539 ergo

86 1547 118 1594 si
141 1557 252 1592 recte
276 1546 536 1592 lamentatur
553 1584 564 1603 ‚
589 1549 715 1593 beata
735 1549 1053 1610 comprobatur
1071 1585 1082 1600 ,
1119 1565 1169 1593 ae
1196 1565 1283 1593 non
1312 1549 1459 1611 potius

86 1617 290 1679 quoniam
332 1627 446 1662 recte
487 1617 749 1663 lamentatur
775 1654 786 1673 ,
831 1618 982 1663 misera
1018 1635 1105 1663 esse
1149 1618 1458 1664 convincitur?

87 1687 233 1743 Quare
252 1704 455 1741 assuesce,
480 1688 659 1733 obsecro
681 1699 737 1745 te,
766 1688 832 1733 vir
851 1688 983 1741 bone,
1001 1688 1154 1733 beatus
1176 1704 1261 1733 esse
1284 1688 1456 1733 interim

86 1775 178 1820 spe,
209 1767 253 1802 ut
279 1757 333 1802 sis
369 1758 497 1803 etiam
534 1775 600 1806 re.
633 1776 731 1803 cum
759 1759 908 1820 pietati
936 1759 1365 1821 perseverantissimae
1389 1774 1458 1803 re-

91 1829 306 1872 tribuetur
327 1844 485 1872 merces
506 1828 722 1874 felicitatis
741 1842 927 1875 aeternae.

156 1901 208 1944 X
240 1898 284 1942 Si
308 1898 473 1961 prolixa
489 1899 683 1961 Epistola
704 1916 908 1944 onerosus
929 1915 1046 1953 sum,
1067 1910 1156 1944 tute
1176 1899 1259 1944 hoc
1277 1898 1460 1944 intulisti

88 1968 196 2023 tibi,
224 1967 300 2030 qui
322 1985 389 2013 me
412 1969 650 2031 sapientem
669 1969 912 2047 appellasti.
946 1969 1062 2014 Hinc
1085 1969 1197 2014 enim
1226 1986 1350 2014 ausus
1365 1986 1461 2015 sum

88 2037 186 2084 haec
209 2037 262 2083 ad
282 2048 320 2082 te
340 2037 490 2101 loqui,
518 2049 566 2084 ut
586 2039 664 2084 tibi
687 2039 977 2103 sapientiam,
1002 2056 1091 2084 non
1108 2038 1249 2102 qualis
1265 2039 1457 2094 mihisit,

89 2118 346 2153 ostentarem
365 2144 376 2161 ‚
407 2107 479 2153 sed
505 2109 644 2171 qualis
677 2126 763 2154 esse
784 2109 941 2155 debeat
960 2108 1242 2155 ostenderem.
1271 2109 1379 2155 Haec
1402 2120 1464 2155 est

91 2189 232 2223 autem
259 2178 300 2223 in
327 2179 530 2241 praesenti
561 2179 721 2225 saeculo
743 2197 868 2225 verus
898 2179 986 2225 veri
1022 2180 1099 2226 Dei
1132 2178 1274 2224 cultus
1293 2216 1303 2234 ,
1333 2190 1381 2224 ut
1412 2180 1466 2225 sit

88 2252 179 2308 ejus
214 2248 257 2293 in
290 2246 438 2293 futuro
468 2248 628 2294 saeeulo
652 2260 794 2295 certus
819 2261 948 2313 atque
984 2250 1146 2309 integer
1170 2249 1354 2295 fruetus.
1381 2250 1465 2294 Hic

89 2318 433 2364 constantissima
454 2319 590 2380 pietas
605 2356 614 2374 ‚
642 2319 704 2364 ibi
723 2320 982 2383 sempiterna
1001 2318 1197 2364 felicitas.
1224 2319 1284 2363 Ex
1299 2319 1377 2364 ista
1395 2336 1466 2364 sa—

90 2388 269 2451 pientia,
296 2404 396 2451 quae
424 2404 504 2433 una
527 2405 625 2434 vera
649 2399 728 2443 est,
751 2390 783 2434 si
804 2389 908 2452 quid
936 2389 1103 2443 habeo,
1129 2406 1151 2433 a
1173 2389 1263 2434 Deo
1281 2390 1466 2452 sumpsi,

89 2475 178 2503 non
205 2475 226 2502 a
250 2474 317 2502 me
345 2458 633 2521 praesumpsi;
672 2470 799 2522 atque
825 2460 881 2505 ab
908 2459 982 2504 illo
1006 2459 1050 2504 in
1071 2475 1139 2503 me
1167 2459 1319 2521 perfici
1356 2459 1468 2504 fide-

88 2527 186 2573 liter
206 2544 348 2590 spere,
379 2546 399 2572 a
420 2543 508 2590 quo
535 2528 792 2574 inchoatum
817 2547 903 2574 esse
927 2529 1151 2575 humiliter
1171 2528 1364 2589 gaudem
1391 2546 1466 2574 nec

139 2612 146 2631 ¹
170 2613 258 2640 Rau».
275 2621 330 2643 1111.
356 2622 405 2643 12,
434 2630 469 2634 -
490 2609 504 2631 ²
523 2612 588 2643 Cic.
606 2610 637 2643 in
657 2615 750 2646 Tusc.
766 2617 878 2655 quaest.
