1799 3251
302 278 403 336 546
810 291 1170 325 ANNOTArioNES.

307 376 495 425 quoque
517 358 676 407 adlzuc
701 359 905 404 tacenda
921 369 1224 422 lactaverunt,
1246 369 1295 403 ut
1314 362 1496 405 vivente
1512 363 1681 406 amici-

307 435 395 490 tia,
409 449 542 480 error
553 439 720 496 potius
736 443 998 477 moreretur
1016 433 1292 477 amicorum.
1306 432 1414 479 Haec
1431 434 1566 480 verba
1582 443 1684 480 sunt

308 505 544 569 Augustini
564 505 612 551 in
625 504 705 552 lib.
735 504 789 551 de
816 504 957 551 Gestis
985 503 1151 564 Pelagii
1181 522 1218 551 e.
1258 506 1331 553 25.
1360 508 1554 571 proxime
1583 517 1684 571 post

309 577 487 630 allatum
511 577 722 644 Epistolae
743 577 1015 642 superiorum
1038 577 1300 642 exemplum.

645 736 904 770 ANNorano
941 720 1043 784 (22)
1083 737 1183 784 pag.
1225 722 1335 777 411.

377 864 595 925 Hilarium
623 863 756 910 istum
774 900 786 920 ‚
820 863 892 909 cui
915 864 1244 909 consacerdoti
1272 863 1455 910 salutem
1481 863 1591 912 dicit
1611 903 1624 923 2
1644 865 1691 913 id

312 948 375 986 est
395 975 408 996 ‚
436 937 703 1002 coepiscopo
735 940 859 997 Juxta
887 936 981 983 MS.
1024 936 1300 984 Corbeiensis
1330 937 1690 1002 inscriptionem,

312 1011 476 1080 quique
496 1011 544 1057 id
575 1010 765 1057 muneris
796 1010 844 1056 111
872 1010 1173 1058 transmarinis
1205 1011 1406 1075 partibus
1446 1012 1695 1060 sustinuisse

312 1084 569 1146 intelligitur
590 1101 638 1130 ex
655 1082 749 1129 aliis
770 1082 1002 1143 Augustini
1026 1083 1171 1129 verbis
1187 1121 1199 1140 ,
1222 1083 1347 1130 haud
1366 1084 1583 1131 immerito
1608 1101 1697 1131 sus·

313 1158 471 1227 piceris
484 1157 685 1204 eumdem
700 1173 788 1203 esse
813 1174 864 1203 ac
887 1157 1105 1204 Hilarium
1133 1158 1474 1218 Narbonensem,
1497 1158 1554 1205 ad
1567 1175 1698 1223 quem

316 1231 515 1278 Zosimus
542 1248 655 1278 anno
683 1233 792 1294 417.
825 1231 1013 1294 scripsit.
1049 1230 1280 1277 Credimus
1312 1248 1444 1296 porro
1481 1231 1699 1279 diversum

315 1322 428 1362 esse,
455 1315 551 1353 tum
579 1305 636 1350 ab
667 1303 835 1351 Hilario
862 1304 1134 1361 Arelatensi,
1166 1305 1243 1369 qui
1274 1305 1577 1369 episcopatum
1605 1317 1702 1358 ante

321 1396 485 1426 annum
517 1379 625 1435 428.
659 1395 749 1424 non
776 1378 992 1441 suscepit;
1025 1388 1122 1423 tum
1155 1378 1212 1423 ab
1241 1378 1407 1426 Hilario
1437 1378 1530 1426 viro
1550 1379 1666 1426 laico
1687 1416 1699 1436 ,

320 1454 398 1517 qui
430 1452 723 1513 Augustinum
759 1451 905 1515 ipsum
933 1451 986 1497 de
1018 1450 1251 1511 Pelagiana
1288 1451 1443 1498 haeresi
1475 1452 1521 1497 in
1553 1451 1704 1498 Sicilia

319 1536 560 1587 emergente
577 1525 804 1572 certiorem
826 1524 1014 1571 faciebat
1031 1541 1109 1587 per
1128 1523 1293 1571 litteras
1308 1525 1481 1571 circiter
1496 1543 1563 1573 an.
1589 1526 1697 1582 414.

318 1599 485 1664 quippe
503 1615 605 1646 cum
631 1598 732 1653 iste,
757 1597 829 1644 cui
849 1613 968 1643 nunc
995 1597 1230 1655 scribitur,
1259 1596 1540 1659 Pelagianam
1561 1597 1706 1645 113616-

322 1672 402 1722 sim
419 1672 634 1720 hactenus
651 1671 880 1718 nescivisse
896 1669 1113 1719 videatur.

662 1827 922 1860 Amori-rio
960 1812 1061 1875 (23)
1093 1828 1195 1876 pag.
1237 1814 1346 1869 480.

387 1944 487 1991 Non
508 1941 760 2000 Bonifacio,
786 1942 850 1988 uti
872 1941 1044 1988 codices
1071 1942 1285 2006 quosdam
1307 1941 1513 1989 habuisse
1530 1952 1709 1990 monent

328 2018 534 2065 Erasmus
550 2027 592 2067 et
619 2016 909 2062 Lovanienses
929 2052 940 2073 a
977 2015 1049 2061 sed
1089 2015 1275 2062 Paulino
1311 2015 1482 2062 Nolano
1505 2015 1712 2083 episcopo

325 2092 475 2139 datam
493 2108 580 2138 esse
598 2090 717 2136 hanc
756 2088 1000 2152 Epistolam
1023 2087 1160 2152 liquet
1187 2104 1388 2151 prorsus,
1414 2105 1517 2135 cum
1550 2105 1599 2135 ex
1628 2089 1708 2139 lib.

329 2167 384 2214 de
405 2165 522 2212 dono
540 2162 875 2228 perseverantiae
899 2179 936 2208 c.
961 2178 1012 2207 21
1042 2172 1169 2226 atquc
1193 2180 1241 2208 ex
1264 2161 1343 2207 lib.
1385 2162 1591 2226 Prosperi
1611 2180 1715 2212 con-

335 2258 383 2288 ra
413 2239 677 2286 Collatorem
702 2254 741 2284 c.
781 2237 857 2293 43.
895 2246 986 2282 tum
1014 2235 1143 2282 etiam
1172 2253 1220 2282 ex
1242 2236 1293 2281 iis
1318 2252 1419 2299 quae
1450 2236 1717 2297 Augustinus

334 2314 409 2361 hic
427 2332 469 2360 n.
496 2314 571 2370 40.
593 2319 907 2358 commemorat
925 2308 978 2355 de
1008 2309 1187 2368 originis
1207 2309 1314 2356 vitio
1336 2309 1452 2355 dicta
1477 2310 1534 2355 ab
1550 2310 1626 2356 illo
1646 2311 1718 2356 cui

332 2383 514 2442 scribit,
548 2401 648 2449 quae
675 2382 853 2448 quidem
884 2382 1018 2428 verba
1043 2382 1317 2446 deprompta
1346 2393 1448 2429 sunt
1474 2400 1521 2429 ex
1546 2383 1720 2430 Paulini

335 2457 537 2526 Epistola
555 2456 610 2505 ad
633 2457 839 2503 Severum
858 2465 1031 2501 octava.
