1799 3251
305 283 397 339 244
713 292 746 321 s.
793 287 1032 320 AUGUSTINI
1068 285 1270 318 EPISCOPI

305 361 424 408 vides
443 359 546 424 quia
567 374 608 404 se
626 358 740 421 ipsos
768 354 1011 418 decipiunt,
1038 363 1079 399 et
1112 352 1265 398 veritas
1282 350 1398 396 ineis
1417 366 1503 395 non
1524 359 1599 395 est.
1630 349 1674 395 Si

307 443 448 478 autem
474 447 516 475 se
539 446 624 474 esse
653 437 901 490 peccatores
924 424 1116 469 fatentur
1134 460 1143 474 ,
1168 432 1214 466 ut
1236 420 1313 466 Dei
1335 418 1673 465 misericordiam

302 503 471 566 possint
492 498 660 545 mereri.
687 506 962 559 compescant
988 512 1029 539 se
1053 494 1108 538 ab
1126 492 1217 537 aliis
1241 491 1368 536 etiam
1388 488 1673 552 decipiendis,

305 572 465 635 quibus
489 569 604 614 hanc
625 566 873 629 superbiam
897 562 1153 627 persuadere
1195 571 1422 607 conantur.
1458 558 1678 605 Omnibus

305 641 418 686 enim
439 638 673 684 necessaria
715 647 776 680 est
800 635 936 680 oratio
960 633 1178 678 dominica
1202 669 1211 686 ,
1250 647 1380 693 quam
1404 630 1529 675 etiam
1575 629 1680 693 ipsis

306 710 513 757 arietibus
545 706 697 766 gregis,
737 705 778 750 id
800 714 861 750 est
890 702 1106 766 Apostolis
1125 702 1210 746 suis
1239 701 1449 745 Dominus
1467 699 1604 754 dedit,
1632 710 1679 744 ut

304 778 603 841 unusquisque
624 778 712 821 Deo
734 775 851 820 (licat
873 791 882 818 :
906 794 923 812 r<
952 772 1133 818 Dimitte
1167 770 1292 815 nobis
1331 769 1478 815 debita
1512 780 1676 824 nostra,

300 872 322 893 »
342 851 454 896 sicut
473 859 514 893 et
529 865 607 892 nos
621 846 880 891 dimittimus
904 841 1177 888 debitoribus
1198 841 1351 886 nostris
1373 840 1404 887 1.
1431 841 1545 887 »Cui
1565 841 1679 886 enim

295 921 395 967 haec
417 921 461 965 in
485 918 678 963 oratione
721 916 852 960 verba
892 912 1123 958 necessaria
1149 929 1236 956 non
1258 910 1437 968 fuerint,
1486 913 1578 974 ipse
1606 911 1680 956 hic

298 991 388 1036 sine
427 999 604 1051 peccato
624 987 765 1031 vivere
789 981 1141 1047 pronuntiandus
1165 992 1240 1028 est.
1271 980 1430 1038 Quales
1449 982 1483 1026 si
1515 981 1682 1045 aliquos

303 1060 473 1105 futuros
501 1056 710 1102 Dominus
752 1053 1027 1116 praevideret,
1060 1051 1254 1096 meliores
1279 1051 1428 1114 utique
1458 1068 1589 1114 quarn
1609 1068 1682 1097 ex-

302 1130 486 1175 titerunt
509 1131 601 1186 ejus
621 1124 815 1187 Apostoli
844 1123 971 1168 aliam
987 1122 1227 1167 orationem
1248 1121 1343 1167 illos
1376 1122 1566 1176 doceret,
1596 1137 1683 1185 qua

296 1215 384 1244 non
413 1205 606 1259 peterent
624 1193 788 1239 dimitti
813 1193 895 1238 sibi
928 1202 1124 1255 peccata,
1169 1192 1331 1253 quibus
1373 1191 1417 1236 in
1459 1192 1684 1255 baptismo

300 1268 475 1315 fuerant
498 1265 642 1310 onmia
661 1268 754 1324 jam
779 1264 968 1309 dimissa.
1013 1263 1124 1308 Nam
1157 1263 1189 1307 si
1213 1261 1364 1307 Daniel
1385 1272 1559 1307 sanctus
1594 1279 1681 1307 non

307 1354 457 1384 coram
494 1335 750 1380 hominibus
791 1334 913 1396 quasi
953 1331 1201 1377 humilitate
1236 1331 1398 1385 fallaci,
1438 1331 1511 1377 sed
1537 1349 1683 1378 coram

308 1411 418 1460 Deo,
445 1405 489 1451 id
508 1415 583 1460 est,
600 1405 642 1449 in
660 1404 854 1448 oratione
870 1419 954 1464 qua
975 1403 1118 1446 Deum
1145 1402 1423 1464 precabatur,
1437 1418 1526 1446 non
1545 1402 1684 1448 solum

304 1486 484 1541 peccata
503 1474 660 1537 populi
684 1474 767 1526 sui,
788 1472 860 1517 sed
887 1472 1013 1517 etiam
1037 1488 1111 1516 sua
1134 1471 1443 1526 confitebatur,
1473 1471 1689 1531 sicutejus

304 1564 376 1592 ore
414 1544 605 1590 veridico
645 1559 888 1606 expressum
912 1552 973 1587 cst
996 1541 1042 1595 '23
1069 1540 1182 1586 nihil
1215 1540 1332 1587 aliud
1372 1541 1482 1587 mihi
1519 1541 1689 1587 videtur

309 1614 546 1662 dicendum
577 1614 684 1668 istis,
735 1613 815 1658 nisi
860 1611 979 1674 quod
1005 1628 1084 1674 per
1127 1611 1393 1674 prophetam
1418 1611 1688 1657 Ezechielem

307 1685 481 1732 cuidam
499 1684 686 1746 superbo
707 1684 921 1728 Dominus
935 1681 1129 1726 mandat.
1152 1703 1171 1722 «
1195 1681 1422 1745 Numquid
1446 1692 1491 1727 tu
1513 1682 1688 1745 sapien-

310 1778 331 1798 »
353 1757 437 1801 tior
461 1771 503 1799 se
525 1771 655 1817 quam
683 1752 834 1798 Daniel
857 1753 888 1798 ³.
919 1774 936 1792 »

376 1827 459 1871 ΙΙΙ.
483 1824 568 1869 Sed
591 1824 719 1886 plane
734 1824 807 1885 qui
829 1821 1120 1867 misericordia
1144 1823 1219 1866 Dei
1242 1822 1416 1881 adjutus
1428 1833 1469 1867 et
1492 1823 1626 1882 gratia
1649 1839 1692 1868 se

315 1897 370 1942 ab
414 1895 472 1939 eis
513 1893 704 1956 peccatis
731 1892 1004 1942 abstinuerit,
1033 1908 1132 1953 quae
1157 1892 1285 1936 etiam
1323 1893 1504 1938 crimina
1530 1909 1691 1938 vocan-

316 1977 389 2011 tur
414 1975 541 2026 atque
556 1963 627 2009 illa
652 1973 830 2026 peccata
859 1963 947 2006 sine
973 1962 1136 2023 quibus
1150 1980 1236 2007 non
1260 1963 1333 2007 hic
1355 1963 1533 2015 vivitur,
1559 1979 1691 2009 mun-

318 2035 421 2082 dare
460 2034 665 2097 operibus
704 2032 1010 2078 misericordiae
1039 2042 1080 2076 et
1100 2032 1181 2095 piis
1205 2033 1472 2078 orationibus
1504 2050 1589 2079 non
1615 2051 1692 2079 ne-

317 2105 509 2165 glexerit.
541 2103 774 2148 merebitur
793 2102 897 2147 hinc
914 2104 1024 2146 exire
1048 2102 1137 2146 sine
1156 2114 1352 2164 peccatQ
1376 2104 1573 2166 quamvis
1594 2120 1692 2148 cum

320 2176 396 2220 hic
421 2175 582 2218 viveret
608 2172 813 2217 habuerit
843 2170 1051 2216 nonnulla
1090 2183 1268 2234 peccata
1297 2190 1306 2215 :
1351 2174 1451 2235 quia
1477 2173 1589 2218 sicut
1616 2174 1695 2219 ista

323 2262 409 2291 non
443 2242 691 2293 defuerunt,
717 2242 775 2287 ita
815 2242 942 2287 etiam
981 2241 1167 2286 remedia
1198 2243 1359 2305 quibus
1383 2255 1691 2306 purgarentur,

324 2316 553 2361 affuerunt.
607 2312 814 2375 Quisquis
849 2322 989 2357 autem
1030 2312 1115 2356 hac
1146 2311 1266 2357 velut
1305 2315 1530 2358 occasione
1571 2330 1695 2359 com-

324 2395 463 2448 perta,
491 2399 591 2428 cum
618 2382 805 2427 audierit
831 2382 1048 2427 nominem
1075 2382 1149 2426 hic
1174 2382 1356 2427 arbitrio
1373 2399 1449 2428 suo
1473 2384 1561 2429 sine
1588 2400 1696 2445 pec-

323 2466 422 2499 cato
450 2455 609 2507 vivere,
634 2452 674 2497 d<
691 2452 803 2497 derit
836 2469 876 2497 se
901 2451 1163 2496 libidinibus
1180 2463 1220 2496 et
1249 2453 1505 2499 criminibus
1525 2453 1697 2499 nefariis

323 2524 598 2583 obligaverit,
628 2532 756 2585 atque
779 2522 824 2566 in
844 2522 908 2566 his
935 2523 1175 2567 criminosis
1193 2522 1577 2587 consceleratisque
1599 2541 1695 2569 mo-

370 2608 380 2628 ¹
400 2604 515 2638 Matth.
535 2615 579 2642 vr,
601 2615 653 2636 12.
669 2621 714 2627 —
729 2602 744 2624 2
760 2606 905 2636 Da*1.1x.
929 2615 1037 2635 2o.—
1053 2602 1066 2626 3
1084 2604 1322 2647 Ezrchixxrw,
1344 2608 1373 2637 3.
