1799 3251
339 300 432 357 458
759 318 793 345 s.
837 317 1080 354 Auotsrlm
1118 315 1320 346 EPISCOPI

338 373 505 428 bonum
523 393 585 434 est
604 381 827 427 adhaerere
857 383 966 437 Deo,
997 393 1042 427 ut
1070 399 1155 426 non
1174 381 1312 425 solum
1341 381 1394 426 ab
1420 380 1494 426 illa
1509 380 1714 433 felicitate

337 452 539 509 alienari,
581 463 789 515 tanquam
828 470 1033 514 magnum
1075 451 1343 514 supplicium
1385 451 1710 514 perhorrescat,

341 539 490 569 verum
509 523 636 568 etiam
661 522 825 578 differri
852 522 1026 568 moleste
1051 522 1171 567 ferat.
1202 521 1285 566 Sed
1317 532 1458 567 tamen
1485 532 1713 584 antequam

341 591 492 638 dicant
516 592 621 637 boni
654 592 761 637 filii:
784 592 1229 656 «Concupiscentiam
1270 591 1478 636 habemus
1507 590 1709 645 dissolvi,

341 682 363 706 >2
383 672 424 707 et
443 679 528 707 esse
546 679 647 707 cum
661 661 886 718 Christ013
912 684 932 704 ))
954 663 1077 708 multi
1096 662 1215 724 prius
1236 672 1441 723 tanquam
1463 660 1561 705 mali
1583 660 1709 714 servi,

341 742 384 777 et
405 731 596 796 quodam
629 732 761 778 modo
796 733 991 795 improbi
1014 731 1206 791 fugitivi,
1242 730 1294 775 ad
1321 730 1554 775 Dominum
1587 747 1713 776 suum

342 802 645 865 temporalium
667 802 938 862 flagellorum
958 802 1136 848 verbere
1163 810 1434 846 revocantur.

404 873 550 919 XXII.
596 873 705 929 Quis
736 873 849 918 enim
884 889 974 918 non
1009 882 1151 935 potest
1188 871 1377 934 amplius
1412 888 1553 916 amare
1581 887 1713 934 quam

343 942 562 997 Christus,‚
585 943 661 1006 qui
681 943 872 988 animam
894 960 1014 988 suam
1039 943 1185 1005 posuit
1202 959 1284 1004 pro
1303 941 1458 986 ovibus
1475 941 1593 986 suis2
1615 944 1633 985 ἒ)
1661 942 1715 986 Et

342 1021 487 1058 tamen
511 1029 610 1057 cum
637 1014 817 1058 Petrum
841 1023 883 1058 et
910 1012 1013 1058 ahos
1036 1012 1266 1075 Apostolos
1289 1011 1379 1056 solo
1403 1011 1537 1056 verbo
1560 1026 1715 1063 vocas-

341 1082 452 1139 set-²²,
478 1082 664 1128 Paulum
692 1083 814 1145 prius
834 1083 1014 1129 Saulum
1031 1082 1068 1138 4,
1101 1082 1303 1128 Ecclesiae
1323 1098 1414 1127 suae
1430 1091 1576 1145 postea
1591 1097 1714 1141 mag-

340 1168 446 1204 num
481 1151 821 1208 aedificatorem‚
860 1152 933 1198 sed
962 1152 1231 1198 horrendum
1268 1162 1390 1197 antea
1422 1162 1679 1197 vastatorem
1700 1188 1711 1207 ‚

341 1239 430 1268 non
455 1222 594 1268 solum
615 1239 720 1268 voce
741 1222 1011 1286 compescuit
1034 1259 1044 1276 ‚
1072 1222 1353 1267 verumetiam
1379 1231 1590 1285 potestate
1608 1238 1715 1284 pro-

338 1293 507 1348 stravit,
536 1304 665 1355 atque
684 1303 731 1338 ut
752 1293 1019 1346 infidelitatis
1045 1293 1235 1338 tenebris
1251 1292 1493 1338 saevientem
1517 1292 1570 1337 ad
1595 1292 1712 1337 desi-

338 1362 583 1408 derandum
605 1363 751 1408 lumen
778 1363 920 1408 cordis
946 1373 1137 1422 urgeret,
1160 1363 1282 1425 prius
1305 1362 1500 1425 corporis
1517 1362 1712 1408 caecitate

340 1435 566 1498 percussit.
597 1435 642 1479 Si
663 1451 797 1497 poena
818 1435 891 1480 illa
913 1452 999 1480 non
1025 1444 1150 1487 esset,
1179 1451 1265 1479 non
1281 1434 1337 1478 ab
1357 1450 1403 1478 ea
1431 1432 1711 1496 postmodum

337 1516 571 1550 sanaretur.
598 1506 650 1550 Et
677 1505 854 1568 quando
873 1505 1030 1568 apertis
1051 1504 1189 1550 oculis
1207 1503 1320 1549 nihil
1341 1503 1564 1558 videbat5‚
1593 1504 1626 1548 si
1643 1520 1713 1548 eos

335 1574 475 1631 salvos
510 1575 717 1630 haberet,
752 1592 837 1620 non
875 1575 928 1620 ad
964 1574 1288 1638 impositionem
1313 1590 1464 1619 manus
1490 1574 1672 1619 Ananiae
1697 1610 1708 1628 ‚

336 1655 552 1691 uteorum
578 1645 816 1708 aperiretur
842 1646 1042 1700 obtutus,
1072 1655 1281 1708 tanquam
1304 1660 1522 1706 squamas,
1551 1642 1713 1707 quibus

335 1715 507 1767 clausus
532 1715 671 1762 fuerat
694 1754 703 1771 ,
745 1715 844 1762 inde
882 1716 1085 1762 cecidisse
1121 1716 1349 1778 Scriptura
1385 1725 1594 1760 narraret.
1626 1714 1712 1759 Ubi

334 1797 396 1832 est
410 1786 609 1849 quodisti
629 1787 815 1832 clamare
840 1798 1157 1832 consueverunt
1179 1822 1187 1831 .
1215 1786 1419 1830 Liberum
1436 1796 1496 1830 est
1516 1784 1705 1837 credere,

333 1856 404 1903 vel
420 1874 506 1902 non
523 1856 723 1902 credero?
752 1858 925 1902 cuivim
952 1857 1152 1902 Christus
1175 1855 1325 1901 intulit
1346 1859 1363 1901 9
1388 1872 1517 1918 quem
1538 1855 1709 1913 coegit?

336 1927 450 1973 Ecce
471 1926 637 1971 habent
661 1927 846 1972 Paulum
887 1927 1159 1989 apostolum,
1189 1936 1424 1985 agnoscant
1446 1926 1491 1971 in
1520 1942 1569 1970 eo
1590 1925 1712 1988 prius

335 2007 560 2056 cogentem
586 1997 810 2042 Christum
832 2034 842 2051 ‚
872 2007 913 2041 et
949 2008 1097 2059 postea
1123 1996 1351 2041 docentem
1377 2033 1387 2047 ,
1413 1996 1535 2058 prius
1559 1995 1710 2040 fericu-

335 2077 422 2112 tem
441 2077 482 2112 et
508 2078 657 2129 postea
678 2067 990 2112 consolantem.
1027 2068 1191 2112 Mirum
1220 2076 1281 2110 cst
1313 2076 1455 2110 autem
1489 2064 1710 2128 quomodo

331 2135 405 2182 ille
425 2136 500 2198 qui
522 2152 653 2198 poena
678 2136 873 2198 corporis
894 2136 948 2181 ad
972 2135 1254 2195 Evangelium
1277 2145 1454 2180 coactus
1478 2135 1707 2190 intravit6‚

329 2205 430 2268 plus
470 2205 554 2251 illis
593 2207 797 2251 omnibus
817 2242 826 2259 ,
875 2206 952 2268 qui
998 2206 1090 2251 solo
1131 2206 1265 2251 verbo
1315 2204 1460 2250 vocati
1497 2216 1626 2259 sunt,
1667 2205 1711 2250 in

335 2275 572 2336 Evangelio
618 2275 862 2328 laborm-in
910 2286 952 2321 et
987 2293 1116 2339 quem
1162 2279 1304 2334 major
1337 2275 1468 2321 timor
1497 2275 1711 2339 compulit

335 2344 393 2392 ad
421 2345 678 2392 charitatem
703 2383 713 2403 ‚
766 2346 858 2405 ejus
901 2345 1093 2410 perfecta
1128 2346 1318 2392 charitas
1353 2345 1467 2392 foras
1502 2346 1618 2392 misit
1656 2347 1710 2392 ti-

335 2431 502 2461 morem
517 2415 550 2462 ⁷.

397 2485 567 2532 XXIII.
600 2485 692 2532 Cur
719 2504 820 2548 ergo
847 2503 934 2533 non
966 2497 1137 2548 cogeret
1169 2486 1360 2533 Ecclesia
1386 2486 1578 2551 perditos
1601 2487 1710 2534 filios

374 2584 385 2609 ¹
405 2583 524 2628 Philip.
550 2596 580 2627 1,
599 2586 654 2617 23.
681 2604 723 2610 --
749 2585 763 2608 ²
783 2589 882 2620 Joan.
903 2598 960 2627 xv,
980 2588 1034 2618 13.
1052 2605 1095 2610 -
1114 2584 1128 2609 3
1146 2589 1246 2618 Marc.
1269 2597 1298 2625 1,
1323 2587 1378 2627 16,
1403 2585 1708 2624 etMatth.1v‚18.

331 2657 376 2669 ===
392 2638 409 2665 ⁴
425 2639 558 2684 Act.¹x‚
573 2646 606 2679 4.
626 2659 669 2665 -
689 2640 703 2665 ⁵
720 2641 804 2681 Ibid.
828 2643 883 2678 18.
902 2639 976 2666 —6
994 2654 1007 2674 ι
1028 2644 1168 2682 Conxv,
1186 2653 1235 2674 ιο.
1254 2660 1295 2667 —-
1316 2640 1329 2664 ⁷
1351 2653 1363 2674 1
1380 2644 1477 2680 Joan.
1497 2651 1539 2686 tv,
1558 2642 1612 2682 18,
