1799 3251
335 263 429 319 418
752 276 786 305 s.
829 274 1073 313 &trunsum
1105 272 1306 304 EPISCOPi

338 353 588 406 peccatum,
617 341 694 404 qui
713 340 861 402 utique
888 340 932 384 in
956 339 1247 385 remissionem
1268 338 1388 384 susus
1412 348 1475 383 est
1503 346 1712 400 peccato-

338 428 452 458 rum.
479 412 543 456 De
563 409 632 456 his
655 409 836 456 maxime
865 408 1012 454 abillo
1038 408 1238 455 volumus
1263 425 1384 454 nosse
1407 406 1517 471 quid
1542 406 1708 461 credat,

328 478 446 546 ‘quid
468 491 627 536 teneat,
655 479 763 543 quid
787 489 900 525 certe
934 479 1194 526 confiteatur
1222 489 1263 524 et
1294 478 1519 543 praodicet.
1548 478 1598 522 In
1620 474 1713 529 aliis

336 548 479 597 autem
496 588 506 607 ‚
529 567 629 615 quae
654 549 717 595 illi
743 549 1034 609 objiciuntur,
1057 549 1225 595 etiamsi
1245 566 1388 595 errare
1413 547 1707 607 convincitur,

335 632 477 667 tamen
503 620 641 666 donec
666 620 933 680 corrigatur,
953 619 1226 666 tolerabilius
1252 620 1499 665 sustinetur.

402 691 503 738 Vll.
532 692 638 737 Peto
661 690 788 736 etiam
818 691 944 736 nobis
966 690 1253 736 transmittere
1270 727 1280 745 ‚
1309 691 1471 753 quibus
1497 687 1711 753 perhibe-

332 773 407 809 tur
434 779 521 808 esse
541 771 769 826 purgatus,
792 760 1077 806 ecclesiastica
1100 759 1264 805 (16510ι
1291 760 1489 820 digneris.
1515 756 1646 815 Quod
1665 773 1712 803 ex

333 829 574 879 inultorum
602 832 910 897 episcoporum
941 830 1152 876 desiderio
1180 841 1298 893 peto,
1328 848 1436 894 quos
1463 846 1631 877 meeum
1660 827 1713 873 de

334 903 421 950 hac
445 920 486 948 re
506 902 620 948 fama
636 903 797 948 incerta
816 901 1060 964 perturbat.
1088 900 1170 946 Sed
1189 900 1285 946 idco
1301 901 1417 948 solus
1436 900 1523 946 1106
1543 897 1712 962 scripsi,

336 975 437 1038 quia
462 973 730 1019 occasionem
755 971 983 1035 perlatoris
1006 971 1245 1017 festinantis
1267 990 1287 1017 a
1310 972 1453 1028 nobis,
1478 987 1606 1034 quem
1626 969 1713 1020 cito

338 1044 393 1089 ad
418 1061 494 1089 nos
512 1042 660 1088 audivi
699 1059 821 1105 posse
852 1059 1062 1097 remeare,
1095 1042 1425 1104 praetermittere
1456 1040 1593 1087 nolui.
1624 1039 1712 1084 Pro

331 1114 493 1178 quibus
511 1112 651 1158 Gestis
670 1115 760 1172 jam
789 1113 914 1157 nobis
933 1112 1045 1157 misit
1073 1130 1160 1157 non
1179 1112 1357 1176 quidem
1384 1112 1520 1162 ullam
1541 1120 1711 1174 partem

334 1187 584 1237 Gestorum,
609 1182 681 1227 sed
705 1181 866 1245 quamd
886 1199 942 1226 1111
973 1199 995 1226 a
1021 1199 1065 1227 se
1090 1182 1387 1245 conscriptam
1407 1181 1527 1228 velut
1562 1179 1716 1226 defen-

336 1254 497 1300 sionem
509 1269 648 1306 suam,
668 1268 752 1315 qua
771 1269 811 1296 se
826 1251 931 1296 dii-it
944 1251 1126 1311 objectis
1145 1252 1413 1315 respondisse
1429 1245 1702 1297 Gallorum?

338 1324 390 1368 ln
407 1340 492 1387 qua
510 1332 559 1366 ut
584 1320 666 1366 alia
691 1321 910 1376 omittam,
938 1338 1038 1366 cum
1064 1321 1119 1367 ad
1144 1321 1254 1367 illud
1274 1321 1576 1386 responderet,
1596 1318 1716 1384 quod

336 1396 375 1440 ei
400 1396 618 1453 objectum
650 1402 738 1447 est,
763 1408 861 1437 eum
885 1392 1036 1437 dixisse
1061 1413 1081 1432 «
1112 1392 1241 1438 Posse
1264 1393 1489 1438 hominem
1519 1407 1606 1437 esse
1626 1390 1717 1436 sine

335 1473 520 1529 ‘peccato
537 1501 548 1521 ,
570 1473 610 1509 et
634 1461 838 1507 mandata
861 1462 941 1507 Dei
969 1461 1188 1508 custodire
1212 1463 1246 1508 si
1264 1463 1381 1510 velit.
1409 1462 1627 1517 Diximus,
1648 1460 1716 1506 in-

341 1536 438 1601 quit
460 1556 470 1589 3
516 1534 632 1580 hanc
665 1533 779 1579 enim
815 1533 877 1579 illi
916 1537 1034 1579 Deus
1060 1533 1394 1597 possibilitatem
1435 1532 1568 1579 dedit.
1619 1531 1718 1576 Non

342 1605 551 1659 diximus,
583 1603 790 1668 quoniam
814 1603 1061 1649 inveniatur
1082 1605 1177 1668 quis
1213 1604 1267 1650 ab
1298 1603 1482 1649 infantia
1506 1618 1640 1665 usque
1663 1599 1718 1651 ad

343 1686 576 1730 senectam,
596 1673 670 1737 qui
696 1689 920 1737 nunquam
948 1674 1217 1737 peccaverit,
1241 1673 1314 1720 sed
1331 1673 1538 1737 quoniam
1566 1690 1589 1717 a
1610 1670 1719 1735 pec-

344 1748 451 1793 catis
475 1760 706 1792 conversus
744 1743 895 1789 labore
937 1744 1118 1808 proprio
1142 1781 1153 1803 ,
1191 1756 1232 1790 et
1270 1744 1405 1805 gratia
1438 1742 1517 1788 Dei
1547 1741 1718 1802 adjutus

344 1827 487 1881 potest
510 1815 671 1878 absque
694 1823 876 1876 peccato
897 1830 1000 1870 esse,
1028 1830 1108 1860 nec
1127 1825 1310 1878 propter
1328 1813 1475 1859 hocin
1494 1822 1719 1876 posterum

345 1888 427 1933 erit
452 1882 810 1932 inconvertibilis.
833 1905 853 1924 »

414 1957 489 2000 tlt
503 1957 534 2001 1.
566 1956 613 1999 ln
632 1954 717 1999 hac
737 1953 896 2014 Pelagii
916 1954 1191 2018 responsione
1208 1955 1346 2000 cernit
1368 1951 1606 1999 reverentia
1626 1962 1715 2009 tua,

345 2028 435 2074 hoc
458 2043 555 2072 eum
575 2024 702 2070 fuisse
728 2024 990 2078 confessum,
1012 2025 1203 2088 priorem
1231 2023 1420 2070 hominis
1439 2023 1592 2078 vitam,
1620 2038 1720 2086 quae

350 2110 411 2145 est
437 2098 490 2142 ab
511 2096 709 2150 infantia,
737 2094 825 2139 sine
848 2104 1027 2158 peccato
1052 2112 1140 2140 non
1157 2112 1259 2151 esse,
1289 2094 1360 2140 sed
1382 2110 1479 2139 eum
1495 2092 1549 2138 ad
1566 2093 1717 2154 vitam,

351 2187 451 2234 quae
472 2169 560 2214 sine
582 2176 763 2230 peccato
783 2166 837 2210 sit
858 2203 868 2216 ,
897 2165 1047 2211 labore
1073 2167 1255 2229 proprio
1276 2176 1317 2211 et
1336 2164 1486 2225 adjuto
1509 2180 1585 2227 per
1621 2180 1720 2223 gra-

352 2242 455 2287 tiam
482 2239 561 2284 Dei
579 2253 702 2301 posse
725 2236 933 2282 converti.
958 2237 1048 2281 Cur
1066 2253 1164 2296 ergo
1191 2236 1236 2281 in
1259 2236 1346 2281 1106
1370 2235 1509 2290 libro,
1538 2233 1610 2279 cui
1629 2250 1720 2278 res-

352 2310 492 2378 pondi
512 2345 524 2365 ,
542 2308 610 2355 vel
631 2308 690 2354 ita
709 2307 783 2353 hic
806 2307 955 2369 rixisse
981 2305 1087 2351 dicit
1105 2344 1117 2364 ,
1151 2317 1200 2352 ut
1221 2305 1334 2351 nihil
1354 2305 1531 2351 omnino
1559 2320 1720 2367 pecca-

353 2382 476 2428 verit.
498 2380 611 2425 Nam
629 2381 719 2438 ejus
744 2376 797 2422 de
818 2375 965 2422 hac're
988 2376 1068 2422 ista
1092 2386 1194 2421 sunt
1206 2376 1352 2422 verba.
1376 2396 1395 2416 «
1419 2375 1532 2430 Hoc,
1556 2373 1715 2437 inquit,

342 2456 468 2499 'recte
492 2449 582 2495 dici
601 2457 741 2512 potest
765 2445 818 2492 de
837 2447 923 2503 his,
946 2463 1133 2510 quorum
1154 2462 1292 2509 neque
1317 2445 1553 2499 bonorum2
1580 2459 1718 2507 neque

353 2522 566 2570 malorum
588 2517 813 2582 Scriptura
837 2517 891 2563 sit
914 2532 1092 2566 memor.
1123 2514 1187 2561 De
1210 2516 1292 2561 illis
1314 2532 1412 2561 vero
1431 2529 1615 2578 quorum
1632 2517 1720 2573 jus-

398 2607 408 2629 3
426 2599 630 2648 Dispolitflnk
643 2598 772 2643 synodi,
783 2614 827 2626 -
842 2596 857 2622 2
873 2598 1000 2632 Hei-otia
1015 2602 1046 2631 et
1062 2597 1182 2630 Lazari·
