1799 3251
314 265 407 326 370
722 277 757 305 s.
801 274 1037 304 Aucusrim
1074 273 1278 304 muscum

346 342 514 393 ondisse
534 379 544 398 ‚
579 353 621 388 et
658 342 691 386 si
729 357 813 386 non
852 339 1110 386 sufficienter
1144 337 1342 384 aviditati
1383 348 1468 384 tuae
1483 372 1494 393 ,
1539 346 1682 382 tamen

311 413 514 460 charitati
543 411 797 461 obedienter
823 410 1030 456 existimo.

375 485 501 530 XIII.
534 487 698 529 Praeter
722 492 861 527 autem
883 481 980 526 illos
1001 480 1109 527 duos
1132 479 1267 525 libros
1284 517 1294 536 ,
1319 497 1427 543 quos
1455 480 1593 526 tribus
1618 495 1685 524 me

312 555 552 615 adjunxisse
569 570 699 617 supra
717 552 1075 608 commemoravi,
1101 561 1143 596 et
1163 551 1293 596 trium
1313 551 1586 597 Psalmorum
1610 566 1685 595 ex·-

309 626 593 689 positionem,
622 623 776 687 scripsi
798 624 926 669 etiam
951 623 1114 668 librum
1133 621 1151 651 1
1188 621 1242 667 ad
1271 633 1467 667 sanctum
1497 621 1686 685 presby-

310 707 450 745 terum
471 695 786 757 Hieronymum
807 696 864 739 de
882 699 1072 740 Anc'mce
1096 694 1273 756 ungine
1292 728 1303 749 ,
1332 693 1557 738 consulens
1584 707 1690 736 eum·

316 765 539 830 quomodo
575 764 747 810 defendi
780 765 915 828 possit
942 764 1013 809 illa
1036 763 1244 809 sententia
1265 799 1276 818 ‚
1310 780 1441 826 quam
1475 762 1687 822 religiosae

313 836 534 886 memoriae
560 835 810 880 Marcellino
841 851 960 881 suam
985 851 1070 880 esse
1091 833 1287 896 scripsit,
1314 854 1333 874 c<
1357 832 1554 892 Singulas
1589 831 1683 878 ani-

317 924 407 953 mas
430 923 562 952 novas
582 906 857 951 nascentibus
884 905 973 951 sieri
989 942 999 962 ‚
1027 926 1047 947 n
1071 915 1119 950 ut
1147 921 1236 950 nou
1261 903 1548 949 labefactetur
1577 902 1684 948 fun-

315 976 534 1023 datissima
553 975 754 1022 Ecclesise
774 976 879 1022 fides
895 1013 906 1031 ,
926 993 1012 1038 qua
1032 975 1284 1021 inconcusse
1304 974 1524 1020 credimus
1540 1011 1550 1029 ‚
1567 971 1688 1036 quod

314 1047 362 1099 in
388 1046 527 1092 Adam
551 1063 698 1091 omnes
728 1047 994 1101 moriuntur,
1032 1057 1074 1090 ct
1099 1046 1180 1091 nisi
1206 1063 1281 1108 per
1307 1045 1474 1090 Christi
1509 1044 1690 1104 gratiam

312 1116 567 1171 liberentur,
587 1116 706 1179 quod
725 1134 803 1179 per
823 1133 949 1162 suum
966 1117 1294 1162 Sacramentum
1320 1118 1445 1161 ctiam
1468 1116 1512 1162 iu
1532 1129 1693 1179 parvu-

315 1187 368 1232 lis
399 1196 623 1250 operatur,
646 1186 691 1231 in
717 1187 1125 1232 condemnationem
1154 1186 1392 1232 trahuntur
1408 1187 1440 1233 2.
1468 1185 1631 1249 Scripsi
1652 1194 1696 1230 et

321 1256 453 1303 alium
469 1256 486 1284 3
507 1255 560 1301 ad
585 1255 785 1301 eumdem
803 1294 813 1312 ‚
842 1256 1064 1319 quomodo
1088 1255 1149 1301 illi
1172 1255 1370 1301 videatur
1389 1255 1694 1318 accipiendum

318 1326 439 1391 quod
468 1326 680 1389 scriptum
701 1337 763 1371 est
784 1327 827 1372 in
850 1326 1041 1390 Epistola
1064 1327 1216 1371 Jacobi
1238 1344 1247 1371 ε
1271 1347 1290 1366 α
1314 1326 1593 1390 Quicumque
1615 1341 1697 1371 au·-

322 1418 344 1440 »
372 1408 457 1443 tem
483 1407 618 1442 totam
642 1398 800 1456 Legem
835 1397 1097 1453 servaverit,
1125 1396 1316 1442 offendat
1340 1407 1482 1442 autem
1510 1398 1553 1442 in
1580 1411 1667 1441 uno
1686 1430 1698 1452 ,

329 1488 350 1510 υ
372 1466 511 1513 factus
537 1477 599 1511 est
620 1468 814 1512 omnium
842 1468 981 1514 reus4.
1004 1489 1024 1509 >›
1050 1467 1134 1512 Sed
1152 1467 1197 1512 in
1224 1467 1310 1513 hoc
1332 1467 1419 1514 dixi
1442 1468 1571 1514 etiam
1590 1464 1700 1529 quid

324 1537 436 1584 mihi
461 1535 659 1584 videatur
686 1555 696 1582 ι
724 1538 768 1583 in
804 1537 879 1583 illo
906 1548 1048 1584 autem
1083 1537 1136 1583 de
1160 1538 1316 1585 animae
1340 1538 1504 1598 origine
1531 1548 1702 1586 tantum

326 1607 434 1672 quid
451 1608 488 1652 ei
504 1607 719 1663 videatur,
743 1608 1050 1654 consultatoria
1068 1607 1258 1671 quadam
1279 1607 1572 1671 disputatione
1587 1623 1708 1671 quae·

329 1677 424 1724 sivi.
450 1677 735 1723 Occasionem
760 1678 925 1742 quippe
944 1678 1175 1738 cujusdam
1194 1678 1450 1724 sanctissimi
1477 1690 1518 1724 et
1535 1677 1709 1725 studio·-

336 1748 490 1795 sissimi
516 1749 689 1807 juvenis
712 1750 956 1813 presbyteri
979 1749 1152 1805 Orosii,
1181 1749 1257 1812 qui
1282 1749 1337 1796 ad
1362 1767 1439 1796 nos
1471 1750 1526 1795 ab
1556 1747 1712 1795 ultima

336 1819 573 1883 Hispania,
589 1818 632 1864 id
653 1830 730 1875 est,
750 1820 806 1865 ab
824 1821 986 1866 Oceani
1001 1820 1145 1865 littore
1168 1821 1258 1866 solo
1279 1831 1529 1866 sanctarum
1554 1818 1712 1881 Scrip-

341 1900 539 1937 turarum
578 1889 730 1935 ardore
762 1890 1057 1936 inflammatus
1091 1890 1294 1947 advenit,
1333 1891 1530 1936 amittere
1560 1888 1711 1944 nolui,

345 1959 414 2006 cui
434 1996 444 2016 ‚
470 1969 516 2005 ut
540 1959 594 2005 ad
626 1960 749 2006 illum
773 1977 947 2023 quoque
969 1971 1189 2024 pergeret,
1212 1963 1419 2024 persuasi.
1451 1960 1567 2007 Huic
1586 1959 1718 2005 etiam

346 2031 431 2095 ipsi
453 2030 608 2076 Orosio
633 2031 687 2076 ad
722 2031 925 2093 quaedam
942 2032 1200 2090 interrogata
1220 2068 1230 2086 ‚
1255 2049 1353 2095 quae
1373 2032 1497 2078 illum
1520 2032 1573 2077 de
1597 2031 1719 2077 Pris-

347 2100 677 2148 cillianistarum
713 2101 867 2147 literesi
887 2139 897 2157 ,
919 2113 960 2147 et
985 2102 1184 2162 Origenis
1207 2103 1472 2165 quibusdam
1497 2100 1721 2166 opinioni-

355 2173 439 2240 bus
459 2209 469 2229 2
497 2189 603 2235 quas
617 2190 703 2218 non
720 2173 883 2237 recepit
903 2172 1094 2219 Ecclesia
1112 2210 1122 2228 ,
1146 2175 1480 2236 permovebant,
1503 2191 1590 2220 uno
1607 2173 1722 2220 libro

356 2260 444 2290 non
468 2243 649 2303 grandi,
673 2254 835 2307 quanta
857 2243 982 2308 potui
1004 2243 1215 2289 brevitate
1239 2254 1280 2289 et
1303 2245 1612 2308 perspicuitate
1634 2259 1726 2288 res-

360 2313 515 2379 pondi.
542 2314 705 2377 Scripsi
727 2314 853 2360 etiau]
873 2313 1075 2374 grandem
1100 2313 1330 2376 quemdam
1356 2314 1520 2360 librum
1534 2314 1551 2344 5
1572 2313 1728 2359 adver-

364 2402 435 2431 sus
473 2384 633 2444 Pelagii
677 2385 873 2431 haeresim
895 2421 904 2440 ‚
945 2384 1199 2443 cogentibus
1235 2384 1452 2430 nonnullis
1487 2381 1696 2429 fratribus
1714 2417 1725 2437 ,

364 2455 526 2519 quibus
548 2465 699 2501 contra
731 2456 910 2516 gratiam
939 2454 1103 2500 Christi
1133 2455 1383 2517 opinionem
1417 2451 1731 2519 perniciosissi-

411 2556 422 2577 1
441 2556 519 2595 Quae
547 2560 590 2585 est
620 2553 714 2597 epist.
739 2556 813 2587 166.
831 2573 873 2578 --
891 2552 905 2575 ²
925 2565 937 2584 1
958 2556 1029 2585 Cor.
1052 2564 1102 2590 xv,
1127 2564 1181 2586 22,
1203 2572 1243 2576 —
1265 2551 1279 2574 3
1298 2554 1398 2596 Epist.
1422 2555 1497 2592 167.
1527 2573 1565 2578 —-
1588 2551 1600 2576 “¹
1617 2553 1729 2588 Jacob.

361 2624 404 2658 με,
431 2620 480 2644 zo.
496 2627 537 2636 --
557 2607 570 2632 5
586 2612 608 2642 L
625 2609 656 2645 lv,
677 2609 715 2642 de
729 2613 847 2644 Natura
867 2616 894 2642 vt
910 2609 1020 2642 Gra'ia
1038 2608 1073 2641 nd
1090 2608 1493 2644 1'1uia-iuu1etJarobu1n.
