1799 3251
562 268 775 300 EPISTOLA
813 268 944 299 CLVII.
1370 269 1453 317 ‘271

82 334 247 394 diligit,
284 334 337 380 ad
362 332 698 396 relinquendum
727 331 953 378 Christum
987 334 1322 397 negandumque
1352 352 1461 380 con-

81 404 223 450 sentit.
247 405 302 451 Et
325 403 452 450 multi
470 413 570 449 sunt
595 403 697 449 tales
715 439 726 459 ‚
754 403 828 465 qui
856 403 983 449 etiam
1005 416 1164 467 putant
1193 405 1277 450 sibi
1302 403 1355 450 ad
1380 421 1457 451 au-

81 473 238 534 gendas
253 490 355 538 opes
372 490 470 520 suas
483 509 494 526 ,
516 483 557 519 et
572 472 908 535 multiplicanda
929 473 1244 521 delectamenta
1264 485 1429 521 terrena
1446 511 1458 533 ,

80 543 344 605 religionem,
363 543 588 603 suffragari
614 543 769 590 debere
795 542 1094 592 christianam.

144 614 323 662 XXXV.
350 614 435 661 Sed
451 631 538 660 non
558 624 659 661 sunt
679 613 782 660 tales
806 613 960 660 divites
981 615 1239 673 Christiani,
1268 616 1346 680 qui
1362 615 1463 663 licet

78 684 157 731 ista
190 696 380 742 teneant,
414 703 504 732 non
542 695 685 732 tamen
716 684 772 730 ab
813 684 872 730 eis
910 685 970 731 ita
1009 696 1229 743 tenentur,
1275 697 1323 732 ut
1365 686 1464 733 haec

80 754 255 802 Christo
276 766 546 821 anteponant
565 776 577 810 ;
603 756 707 820 quia
729 755 871 801 veraci
898 755 1030 803 corde
1055 756 1217 803 saeculo
1240 757 1461 803 renuntia-

77 837 197 884 runt,
221 837 270 873 ut
284 827 454 874 nullam
471 844 593 891 spem
611 827 656 873 in
674 826 836 872 talibus
851 838 1034 889 ponant.
1055 827 1110 873 Hi
1129 844 1279 874 uxores
1299 837 1341 873 et
1354 827 1464 873 filios

79 896 386 961 universasque
408 897 591 943 familias
627 896 681 942 ad
707 896 1001 943 Christianam
1032 897 1283 958 religionem
1319 908 1464 944 tenen—

78 965 180 1013 dam
195 985 299 1014 sana
319 967 528 1014 erudiunt
541 967 792 1031 disciplina.
814 967 981 1014 Horum
996 968 1152 1015 domus
1171 968 1468 1033 hospitalitate

76 1035 304 1094 ferventes,
323 1038 719 1102 recipiuntjUstun]
742 1039 788 1085 in
806 1039 982 1085 nomine
1000 1039 1125 1099 justi,
1153 1050 1201 1085 ut
1219 1039 1461 1086 mercedem

72 1108 179 1167 justi
208 1109 440 1173 accipiant.
467 1110 691 1169 Frangunt
716 1109 925 1155 esurienti
937 1127 1094 1173 panem
1119 1127 1263 1166 suum,
1291 1109 1460 1155 nudum

78 1178 284 1236 vestiunt,
319 1180 545 1243 captivum
572 1180 813 1235 redimunt,
843 1180 1138 1235 thesaurizant
1180 1181 1263 1227 sibi
1299 1180 1463 1226 sunda-

80 1259 273 1295 mentum
295 1249 462 1296 bonum
483 1250 528 1295 in
546 1250 764 1306 futurum,
787 1261 834 1295 ut
866 1251 1205 1314 apprehendant
1226 1269 1371 1297 veram
1394 1251 1463 1296 vi—

80 1327 181 1365 tam.
207 1319 300 1365 Etsi
325 1319 435 1365 forte
457 1337 540 1383 pro
565 1320 651 1365 fide
671 1320 834 1365 Christi
849 1321 1098 1383 pecuniaria
1118 1321 1277 1367 damna
1301 1338 1463 1384 perpe-

78 1387 222 1434 tienda
239 1400 356 1445 sunt,
376 1389 566 1436 oderunt
587 1390 762 1436 divitias
787 1407 883 1436 suas
901 1409 910 1435 :
931 1391 964 1436 si
979 1408 1154 1437 suorum
1171 1392 1379 1437 orbitates
1395 1391 1463 1437 vel

76 1460 364 1523 separationes
393 1478 475 1524 pro
505 1461 680 1507 Christo
703 1461 895 1508 minatur
931 1462 1007 1508 hic
1041 1462 1248 1518 mundus,
1276 1462 1463 1508 oderunt

74 1541 287 1609 parentes,
305 1530 470 1588 fratres,
490 1532 616 1589 filios,
638 1549 821 1577 uxores·
844 1543 1065 1596 postremo
1085 1533 1118 1578 si
1142 1532 1219 1578 de
1208 1550 1302 1596 ipsa
1327 1533 1460 1593 liujus

75 1601 268 1664 corporis
284 1602 372 1648 vita
397 1619 496 1649 cum
523 1603 767 1649 adversario
792 1621 838 1667 p
827 1603 1102 1649 miscendum
1127 1614 1205 1659 est,
1231 1621 1282 1649 ne
1304 1600 1454 1650 deser-

77 1680 144 1718 tus
162 1670 327 1718 deserat
351 1672 569 1729 Christus.
593 1673 816 1719 oderunt
807 1690 984 1737 lusuper
1010 1674 1198 1720 animam
1219 1691 1356 1720 suam.
1394 1675 1458 1719 De

73 1741 125 1788 iis
147 1743 313 1807 quippe
342 1745 548 1791 omnibus
581 1744 836 1791 mand1tum
873 1756 1152 1809 acceperunt,
1185 1745 1305 1809 quod
1331 1745 1454 1791 aliter

76 1812 285 1877 discipuli
305 1815 469 1861 Christi
487 1833 573 1862 esse
593 1833 681 1861 non
707 1816 886 1879 possint.

140 1884 345 1932 XXXVI.
380 1886 469 1932 Nec
495 1896 639 1932 tamen
664 1887 765 1949 quia
788 1897 1062 1950 praeceptum
1095 1897 1155 1932 est
1176 1887 1250 1944 eis,
1284 1897 1330 1933 ut
1354 1886 1459 1934 ode-

76 1955 163 2001 rint
180 1972 263 2018 pro
282 1955 457 2002 Christo
481 1967 522 2003 et
540 1956 704 2002 animas
741 1973 853 2012 suas,
891 1956 1140 2003 vendendas
1165 1957 1347 2014 habent,
1385 1968 1461 2003 aut

75 2025 207 2072 illatis
231 2026 314 2073 sibi
355 2028 559 2073 manibus
591 2026 908 2072 effundendas:
953 2027 1027 2073 sed
1064 2028 1207 2091 parati
1254 2038 1356 2073 sunt
1392 2045 1460 2074 eas

78 2096 272 2143 amittere
290 2114 372 2162 pro
400 2097 564 2144 Christi
590 2097 765 2144 nomine
785 2097 1027 2153 moriendo,
1056 2116 1107 2144 ne
1124 2098 1284 2144 mortui
1311 2099 1462 2145 vivant

79 2165 304 2214 Christum
331 2168 544 2228 negando,
578 2167 652 2214 Sic
681 2168 809 2213 etiam
833 2167 1024 2224 divitias,
1055 2168 1110 2214 ad
1134 2186 1242 2233 quas
1267 2167 1461 2214 venden-

75 2235 152 2283 das
165 2238 305 2302 parati
328 2255 416 2284 non
434 2238 611 2284 fuerunt
627 2249 828 2284 monente
854 2239 1031 2284 Christo
1059 2239 1113 2285 ad
1129 2238 1373 2302 perdendas
1391 2255 1461 2284 eas

77 2305 239 2354 debent
258 2308 398 2372 parati
416 2325 500 2354 esse
515 2325 597 2372 pro
633 2309 829 2365 Christo,
862 2325 914 2354 ne
943 2326 1044 2354 cum
1074 2310 1131 2356 eis
1153 2320 1331 2373 pereant
1358 2326 1464 2373 per-

77 2376 172 2424 dito
190 2379 381 2425 Christo.
405 2379 629 2425 Habemus
643 2379 750 2424 hinc
766 2379 990 2443 utriusque
1005 2397 1125 2426 sexus
1145 2380 1300 2425 divites
1321 2379 1466 2425 claris-

76 2447 291 2514 simasque
317 2466 523 2514 personas
547 2449 747 2513 martyrii
766 2449 903 2510 gloria
923 2450 1194 2497 sublimatas.
1230 2452 1294 2496 Ita
1316 2449 1466 2506 multi,

78 2535 187 2583 quos
220 2537 364 2567 rerum
395 2537 571 2567 suarum
614 2520 866 2567 venditione
900 2521 1102 2585 piguerat
1145 2532 1244 2567 ante
1283 2520 1461 2585 perfici,

87 2589 255 2638 Christi
273 2591 440 2638 imitata
458 2591 657 2657 passione
670 2601 771 2638 sunt
790 2603 965 2657 repente
977 2591 1186 2658 perfecti:
1212 2602 1255 2639 et
1273 2591 1348 2656 qui
1362 2607 1472 2637 non·
