1799 3251
321 274 409 320 262
739 289 771 316 s.
818 284 1060 316 Accvs‘rim
1099 284 1300 316 ΕΡ15601>1

318 356 416 401 haec
438 354 500 399 sui
518 353 673 398 erroris
689 366 796 396 nova
818 353 977 398 semina
1001 363 1265 415 spargerent,
1288 366 1474 415 quorum
1497 349 1690 397 nonnul-

316 426 378 471 los
399 439 480 488 ‘per
498 423 780 469 ministerium
802 433 996 468 nostrum
1016 423 1288 486 fratrumque
1311 431 1574 475 nostrorum,
1603 420 1691 465 mi·-

320 494 551 541 sericordia
587 493 759 538 Domini
786 492 840 538 ab
868 492 939 538 illa
963 503 1080 556 peste
1115 492 1292 538 sanavit.
1331 493 1419 537 Nec
1446 501 1589 536 tamen
1617 490 1690 535 hic

323 565 464 611 deesse
493 564 658 626 aliquos
678 563 881 617 arbitror,
913 564 1094 608 maxime
1116 562 1233 624 apud
1257 561 1564 620 Carthaginem
1584 575 1595 604 ε
1619 558 1692 605 sed

315 641 406 697 jam
432 634 602 681 occulte
623 636 868 690 mussitant,
894 634 1089 679 timentes
1115 632 1320 680 Ecclesiae
1343 631 1692 677 fundatissimam

321 707 465 753 fldem.
490 706 598 751 Nam
613 720 723 751 unus
735 722 879 751 eorum
895 705 1069 751 nomine
1087 703 1292 751 Celestius
1311 703 1424 766 (19),
1445 701 1488 748 in
1504 700 1694 762 ejusdem

319 778 505 825 civitatis
529 776 720 822 Ecclesia
748 780 836 836 jam
865 776 919 822 ad
945 775 1185 839 presbyteri
1221 775 1430 820 honorem
1461 774 1696 836 subrepere

323 857 539 912 coeperat:
564 846 636 892 sed
667 846 914 892 fidelissima
956 846 1155 891 libertate
1198 844 1378 890 fratrum
1405 854 1586 908 propter
1616 843 1697 889 has

321 920 435 983 ipsas
455 929 606 964 contra
632 918 797 963 Christi
820 917 1000 977 gratiam
1022 916 1336 979 disputationes
1356 930 1491 979 usque
1509 914 1561 960 ad
1579 913 1697 974 111111-

316 992 431 1036 cium
454 988 699 1053 episcopale
717 988 954 1051 perductus
971 996 1044 1034 est.
1072 988 1233 1033 Tamen
1258 996 1437 1032 coactus
1465 995 1527 1031 est
1551 985 1698 1030 confi-

321 1062 592 1124 teripropter
611 1058 896 1121 baptizandos
917 1057 1138 1121 parvulos,
1175 1057 1295 1121 quod
1326 1067 1366 1103 et
1402 1056 1507 1120 ipsis
1525 1054 1697 1101 redem-

320 1132 414 1194 ptio
454 1130 508 1175 sit
531 1129 779 1175 neccssaria.
806 1129 892 1174 Ubi
917 1144 1167 1191 quanquam
1196 1127 1384 1172 noluerit
1408 1127 1462 1172 de
1500 1121 1700 1185 originali

320 1209 502 1265 peccato
531 1198 696 1261 aliquid
720 1198 952 1261 expressius
971 1197 1130 1252 dicere,
1153 1207 1296 1242 tamen
1312 1196 1406 1259 ipso
1430 1195 1700 1258 redemptio-—

320 1271 384 1317 nis
407 1271 580 1315 nomine
605 1285 691 1314 non
711 1285 868 1331 parum
886 1268 968 1313 sibi
987 1266 1270 1330 praescripsit.
1297 1266 1423 1312 Unde
1444 1266 1559 1311 enim
1581 1264 1700 1311 redi·-

322 1341 467 1388 mendi
504 1351 655 1395 essent,
694 1340 773 1385 nisi
793 1356 814 1385 a
839 1339 1004 1385 diaboli
1038 1347 1256 1402 potestate
1275 1375 1285 1394 ,
1307 1338 1352 1383 in
1377 1354 1463 1401 qua
1489 1353 1574 1383 esse
1611 1353 1701 1382 non

319 1423 509 1478 possent,
531 1411 612 1457 nisi
635 1411 855 1471 originalis
870 1410 1144 1469 obligatione
1167 1409 1370 1472 peccati?
1394 1411 1481 1454 Aut
1499 1423 1586 1471 quo
1605 1424 1702 1471 pre-

325 1485 386 1530 tio
410 1482 701 1537 redimuntur,
727 1481 807 1526 nisi
827 1481 993 1526 Christi
1014 1480 1237 1540 sanguine,
1267 1479 1319 1524 de
1335 1494 1424 1542 quo
1438 1478 1703 1542 apertissime

325 1554 540 1617 scriptum
562 1562 640 1608 est,
675 1550 793 1615 quod
817 1551 862 1596 in
890 1551 1182 1597 remissionem
1219 1551 1375 1596 effusus
1408 1551 1462 1595 sit
1492 1559 1703 1613 peccato-

325 1624 479 1671 rum1?
504 1622 588 1668 Sed
607 1623 708 1683 quia
730 1622 865 1682 magis
892 1632 1126 1667 convectus
1154 1631 1196 1666 et
1220 1620 1276 1665 ab
1302 1620 1491 1666 Ecclesia
1515 1619 1704 1665 detesta-

326 1706 394 1742 tus
412 1711 542 1758 quam
569 1702 788 1738 correctus
814 1704 855 1738 et
880 1702 1081 1756 pascatus
1105 1691 1325 1746 abscessit,
1353 1692 1512 1737 veritus
1535 1708 1631 1737 sum
1650 1707 1704 1737 ne

323 1766 432 1812 forte
458 1764 520 1810 ibi
543 1764 597 1809 sit
616 1765 707 1826 ipse
731 1764 807 1827 qui
827 1774 1010 1809 vestram
1038 1763 1167 1808 fidem
1204 1761 1463 1826 perturbare
1499 1773 1697 1809 conatur.

327 1837 431 1883 Ideo
474 1835 658 1880 nominis
692 1835 827 1897 ipsius
851 1834 1307 1879 commemorationem
1350 1833 1501 1896 putavi
1526 1850 1611 1879 esse
1637 1833 1705 1879 fa-

326 1906 539 1954 ciendam.
568 1904 651 1949 Sed
672 1905 757 1949 sive
778 1905 868 1967 ipse
879 1906 949 1960 sit,
971 1904 1058 1950 sive
1073 1904 1143 1949 alii
1167 1913 1385 1948 consortes
1403 1907 1437 1963 ej
1449 1920 1495 1949 us
1520 1904 1701 1950 erroris:

328 1978 473 2042 plures
491 1976 602 2021 enim
618 1984 717 2020 sunt
738 1991 869 2037 quam
902 1991 1072 2037 sperare
1091 1989 1337 2037 possumus,
1362 1983 1403 2019 et
1422 1974 1500 2018 ubi
1527 1991 1613 2019 non
1636 1991 1706 2020 re-

331 2050 622 2107 darguuntur,
649 2046 775 2090 etiarn
795 2044 897 2090 alios
916 2045 970 2090 ad
993 2061 1111 2090 suam
1139 2053 1298 2089 sectam
1323 2043 1554 2100 seducunt,
1585 2045 1705 2091 etsie

333 2120 613 2166 crebrescunt
632 2153 642 2170 ,
671 2126 718 2161 ut
746 2115 932 2160 nesciam
960 2132 1048 2178 quo
1083 2114 1168 2159 sint
1196 2114 1426 2176 erupturi:
1459 2131 1536 2159 nos
1563 2124 1707 2159 tamen

334 2189 550 2236 malumus
570 2204 639 2232 eos
659 2187 700 2231 in
728 2187 931 2232 Ecclesiae
949 2202 1158 2248 compage
1178 2183 1334 2237 sanari,
1358 2201 1488 2247 quam
1516 2201 1566 2230 ex
1592 2183 1707 2231 illius

335 2275 518 2323 corpore
538 2256 655 2302 velut
684 2256 943 2302 insanabilia
969 2256 1167 2301 membra
1191 2255 1386 2310 resecari,
1407 2255 1436 2299 si
1454 2264 1594 2300 tamen
1620 2255 1706 2301 hoc

335 2329 548 2395 permittit
572 2331 665 2390 ipsa
683 2328 919 2373 necessitas.
952 2325 1211 2371 'l'imendum
1237 2337 1299 2370 est
1332 2325 1465 2381 enim,
1499 2342 1552 2371 ne
1579 2325 1707 2390 plura

337 2408 587 2465 putrescant
616 2397 718 2442 dum
743 2397 946 2461 putribus
968 2397 1177 2460 parcitur.
1210 2400 1366 2441 Potens
1389 2406 1449 2441 est
1469 2407 1609 2442 autem
1628 2397 1706 2443 mi-

335 2468 565 2518 sericordia
606 2468 781 2513 Domini
821 2468 973 2523 nostri,
998 2484 1096 2530 quae
1127 2467 1274 2530 potius
1298 2483 1367 2511 eos
1396 2463 1450 2512 ab
1479 2466 1565 2512 hac
1588 2477 1707 2531 peste

334 2541 490 2588 liberet
510 2557 521 2584 ε
545 2538 665 2602 quod
686 2539 775 2585 sine
794 2539 931 2586 dubio
954 2538 1096 2595 faciet,
1117 2539 1149 2584 si
1174 2537 1359 2584 fideliter
1390 2537 1617 2586 advertant
1641 2549 1707 2584 te-

387 2627 395 2647 ¹
419 2622 644 2660 Matih,xxv1‚
666 2623 719 2653 28.
