1799 3251
334 314 429 367 Δ’16ίᾷι
512 364 514 367 ,
541 335 570 366 g
743 326 800 361 5.
844 322 1089 359 ansusi-mi
1126 321 1328 353 EPlscoPl
1396 357 1397 360 Ἰ
1500 357 1502 359 ,
1620 340 1669 360 „1
1701 343 1705 359 .-

336 403 472 439 mater
506 390 774 437 bellantibus
804 387 1005 434 adversus
1024 405 1118 433 eam
1147 386 1309 450 quibus
1333 385 1584 449 aliisquam
1614 385 1714 432 filiis

336 463 438 519 suis,
456 461 559 524 quia
572 460 779 523 utiquecx
798 459 896 521 ,ipsa
907 475 1063 518 magna
1089 458 1254 503 arbore>
1267 471 1368 519 quae
1380 472 1604 501 ramorum
1617 472 1714 501 sum.

335 550 431 579 rum
458 530 732 595 porrectione
762 538 853 573 toto
874 528 980 574 orbe
1005 526 1283 581 diffunditur,
1310 526 1387 571 iste
1405 525 1448 571 in
1474 525 1714 572 Africam-¹

336 600 559 647 musculus
598 600 761 645 fractus
798 608 889 652 est,
932 614 1034 643 cum
1073 615 1143 642 eos
1170 596 1382 642 charitate
1422 596 1639 658 parturiat
1670 605 1718 641 ut

333 672 513 719 redeant
530 670 585 717 ad
599 669 788 716 radicem
799 706 809 724 ,
833 669 923 714 sine
938 685 1026 732 qua
1038 685 1182 714 veram
1196 667 1334 712 vitam
1343 666 1608 712 haberenon
1622 683 1718 729 pos-

343 753 460 798 sunt,
485 740 519 786 si
534 740 780 804 aliquorum
797 738 1042 802 perditione
1062 749 1240 784 caeteros
1254 748 1343 782 tam
1359 736 1518 782 multos
1531 736 1716 796 colligit,

342 810 586 876 praesertim
612 810 716 873 quia
739 809 808 854 isti
829 826 918 854 non
942 808 1054 855 sicut
1078 806 1612 861 Absalon2casu2>bellicQ
1647 805 1721 852 sed

339 891 580 944 spontaneo
598 879 734 938 magis
751 879 929 924 interitu
953 888 1154 941 pereunt,
1177 876 1370 923 dolorem
1382 876 1566 921 materni
1579 875 1723 924 cordis

339 952 447 998 lenit
469 961 511 1002 et
535 960 658 996 sanat
688 960 909 995 tantorum
928 949 1187 995 liberatione
1209 947 1495 1011 populorum.·
1523 947 1723 1004 Quorum

339 1023 374 1068 si
395 1021 542 1071 videas
564 1020 610 1066 in
626 1020 791 1065 Christi
816 1037 924 1082 pace
943 1019 1134 1076 laetitias,
1153 1018 1434 1082 frequentias,
1463 1017 1720 1071 alacritates,

342 1103 384 1138 et
410 1091 684 1153 adhymnos
704 1089 1008 1139 >audiendoset
1031 1089 1274 1142 canendos;
1305 1100 1346 1134 et
1366 1088 1419 1135 ad
1437 1089 1620 1135 verbum
1644 1086 1726 1133 Dei

348 1159 682 1227 percipiendum
702 1160 890 1210 celebres
912 1160 1157 1223 hilaresque
1179 1169 1433 1213 conventUS,
1462 1158 1724 1203 multorum-

346 1249 431 1296 que
448 1232 495 1277 in
514 1230 572 1275 eis
591 1247 692 1275 cum
707 1229 857 1276 dolore
881 1247 1038 1290 magno
1060 1229 1406 1276 recordationem
1423 1228 1636 1291 praeteriti
1656 1244 1723 1272 er-

354 1303 490 1354 roris,
516 1311 557 1346 et
582 1316 683 1345 cum
712 1299 872 1359 gaudio
891 1299 1284 1346 considerationem
1306 1300 1493 1358 cognitae
1516 1298 1724 1353 veritatis,

345 1384 390 1419 et
405 1389 510 1418 cum
536 1370 837 1429 indignatione
855 1381 895 1415 et
926 1370 1207 1416 detestatione
1249 1369 1536 1417 mendaciumv
1566 1369 1728 1428 magis-

355 1455 540 1497 trorum,
565 1440 687 1503 quod
725 1439 857 1485 modo
892 1451 1156 1499 cognoscant
1186 1440 1240 1485 de
1273 1438 1430 1484 nostris
1456 1437 1730 1484 sacramentis

348 1529 486 1577 quam
502 1509 608 1556 falsa
622 1509 910 1569 jactaverint3
939 1510 1176 1555 multorum
1202 1510 1329 1555 etiam
1353 1508 1398 1553 in
1418 1509 1476 1557 eis
1496 1508 1731 1558 confessio-

348 1601 444 1639 nes,
474 1579 596 1644 quod
619 1579 722 1625 olim
744 1580 904 1625 vellent
930 1597 1016 1626 esse
1052 1580 1277 1636 catholici,
1300 1596 1380 1624 nec
1405 1579 1517 1625 inter
1532 1579 1733 1625 homines

355 1653 466 1700 tanti
482 1649 638 1697 furoris
663 1649 871 1695 auderent
897 1667 909 1695 ι
930 1650 1092 1696 horum
1115 1667 1215 1710 ergo
1240 1648 1509 1713 populorum
1547 1665 1733 1708 congre—

359 1724 549 1786 gationes
575 1737 655 1784 per
676 1720 889 1784 plurimas
911 1720 1073 1767 Africae
1106 1721 1299 1781 regiones
1317 1721 1373 1765 ab
1395 1719 1469 1766 illa
1490 1719 1734 1783 perditione

353 1797 639 1844 liberatorum
657 1828 668 1848 ,
704 1792 739 1837 si
757 1791 839 1837 sub
860 1807 947 1838 uno
972 1803 1212 1855 conspectu
1232 1790 1420 1847 videres,
1445 1800 1550 1836 tunc
1574 1789 1735 1835 diceres

359 1866 507 1913 nimiae
529 1862 658 1910 fuisse
692 1862 984 1919 crudelitatis,
1015 1863 1049 1908 si
1076 1863 1185 1909 dum
1209 1863 1432 1908 timeretur
1456 1878 1510 1906 ne
1538 1860 1737 1911 homines

356 1934 588 2000 desperati,
615 1943 657 1980 et
676 1933 859 1981 istorum
884 1933 1194 1980 innumerabili
1223 1931 1500 1979 multitudini
1518 1930 1640 1978 nulla
1667 1947 1736 1976 es-

354 2006 581 2056 timatione
610 2003 921 2068 comparandi,
957 2004 1043 2050 suis
1070 2016 1113 2050 et
1138 2003 1393 2051 voluntariis
1423 2002 1600 2062 ignibus
1640 2018 1739 2047 cre-

361 2086 602 2131 marentur,
625 2074 696 2121 isti
715 2075 761 2120 in
786 2084 995 2121 aeternum
1021 2074 1234 2138 perdendi
1264 2084 1307 2120 et
1328 2072 1599 2138 sempiternis
1621 2071 1739 2133 igni-

361 2150 446 2195 bus
469 2142 696 2195 cruciandi
710 2142 1072 2206 relinquerentur.
1674 2185 1676 2191 ,

380 2262 383 2269 ,,
425 2215 641 2264 XXXIII.
664 2213 837 2261 sienim
859 2213 947 2261 duo
973 2214 1109 2278 aliqui
1129 2214 1176 2261 in
1195 2231 1281 2261 una
1299 2214 1433 2261 domo
1467 2213 1735 2261 habitarent.

363 2306 495 2354 quani
537 2285 772 2332 certissime
805 2284 1011 2332 sciremus
1046 2302 1133 2331 esse
1177 2285 1412 2343 ruituram,
1452 2284 1663 2348 nobisque
1695 2281 1744 2330 id

365 2355 768 2426 praenuntiantibus
783 2355 946 2402 nollent
964 2355 1156 2411 credere,
1184 2366 1314 2420 atque
1329 2356 1376 2403 in
1391 2373 1440 2402 ea
1451 2371 1624 2401 manere
1635 2366 1743 2413 per-r

364 2432 577 2481 sisterent,
601 2423 636 2470 si
656 2440 726 2469 eos
739 2424 841 2470 inde
857 2441 1079 2488 possemus
1097 2442 1246 2471 eruere
1276 2427 1344 2471 vel
1371 2424 1547 2478 invitm,
1583 2420 1745 2484 quibus

358 2500 660 2550 imminentem
692 2494 814 2541 illam
851 2495 1022 2542 ruinam
1061 2506 1212 2559 postea
1246 2494 1666 2548 demonstraremuS‚
1695 2501 1744 2547 ut

359 2573 501 2621 redire
521 2565 702 2615 ulterius
727 2566 817 2619 sub,
842 2570 933 2627 ejus
963 2564 1221 2630 -periculum
1263 2584 1353 2613 non
1379 2564 1606 2619 auderent,
1631 2571 1744 2626 puto

355 2644 440 2692 nisi
472 2640 737 2695 faceremuS,
778 2652 868 2688 non
899 2637 1117 2686 immerito
1151 2635 1350 2688 crudeles
1378 2633 1738 2700 dijudicaremur.
