1799 3251
563 300 775 333 nmsrotA
813 300 956 332 cxux.
1362 287 1446 350 175

78 369 292 418 micorum
304 384 481 416 suorum
492 367 674 415 nimium
686 366 1027 429 superbientium
1036 402 1046 422 ,
1064 365 1248 412 nimium
1261 383 1303 412 se
1316 368 1446 413 extol·

77 440 257 487 lentium
272 440 316 486 in
333 438 502 484 delictis
512 438 616 484 suis.
627 438 710 482 Per
719 434 996 499 hyperbolen
1009 435 1174 499 quippe
1186 436 1445 495 significavit

75 511 324 574 superbiam
338 519 503 555 tantum
515 524 556 553 se
566 507 835 552 extollentem
845 543 855 561 ,
869 516 910 551 et
926 516 1043 551 tanta
1056 506 1444 552 elationeinceden-

75 590 178 636 tem,
194 577 476 643 quasicapilli
487 577 691 624 verticem
702 575 1047 639 perambulando
1065 576 1264 622 calcaret.
1276 578 1382 622 Item
1399 577 1442 622 in

72 650 221 697 eodem
248 649 416 695 P'salmo
439 647 558 712 quod
579 647 790 710 scriptum
816 656 906 691 est:
927 669 946 688 α
964 645 1132 704 Lingua
1155 663 1313 692 canum
1339 657 1440 692 tuo-

74 740 96 762 »
118 736 216 766 rum
241 736 287 766 ex
310 718 497 764 inimicis
517 718 571 763 ab
595 715 747 780 ip5013
773 737 794 758 »
818 732 906 761 11011
927 731 1095 777 semper
1121 715 1165 760 in
1184 715 1298 760 malo
1323 718 1441 762 acci-

71 789 219 853 piendi
238 800 337 835 sunt
353 805 492 835 canes.
529 787 736 850 Alioquin
758 803 846 832 non
874 784 1294 849 reprehenderentur
1320 786 1440 849 apud

69 859 339 923 Prophetam
376 875 502 905 canes
529 858 639 904 muti
676 857 909 903 nescientes
944 856 1147 911 latrare2,
1183 866 1224 901 et
1251 866 1440 902 amantes

70 928 319 976 dormitare.
357 928 558 975 Profecto
588 928 703 974 enim
735 926 976 973 laudabiles
1000 943 1125 972 canes
1151 937 1309 981 essent,
1343 927 1378 972 si
1400 938 1442 973 et

67 999 222 1044 latrare
249 1000 429 1055 scirent,
457 1010 498 1044 et
520 998 698 1058 vigilare
718 1007 924 1044 amarent.
954 996 1006 1042 Et
1031 1007 1144 1044 certe
1172 997 1233 1043 ilh
1261 997 1439 1044 trecenti

67 1068 114 1114 in
127 1085 306 1115 numero
329 1086 407 1132 per
426 1069 569 1115 crucis
592 1068 780 1114 litteram
804 1067 1088 1113 sacratissimo
1118 1084 1204 1113 non
1229 1067 1438 1127 eligeren-

67 1150 139 1185 tur
162 1139 217 1186 ad
238 1140 466 1186 victoriam
486 1139 727 1185 faciendam
742 1139 778 1194 3,
799 1139 875 1202 qui
896 1148 1102 1201 tanquam
1125 1155 1250 1184 canes
1267 1138 1438 1184 lambe-

66 1221 163 1256 rent
187 1228 368 1274 aquam,
391 1211 474 1257 nisi
503 1210 667 1273 aliquid
685 1226 891 1269 magnum
920 1209 1223 1269 significarent.
1251 1208 1441 1269 vigilant

65 1283 180 1327 enim
206 1292 248 1327 et
272 1281 436 1327 latrant
460 1281 566 1327 boni
587 1297 737 1336 canes,
761 1290 802 1325 et
819 1297 900 1342 pro
922 1279 1054 1325 domo
1078 1291 1119 1324 et
1137 1296 1218 1342 pro
1232 1279 1433 1333 domino,

66 1362 107 1396 et
127 1368 208 1414 pro
225 1368 350 1411 grege
377 1362 418 1396 et
440 1367 522 1414 pro
541 1361 724 1413 pastore.
754 1349 951 1412 Denique
982 1360 1024 1394 et
1050 1349 1125 1395 hic
1154 1349 1199 1394 in
1233 1348 1440 1394 Ecclesiae

65 1421 270 1467 laudibus
287 1459 297 1478 ,
326 1438 427 1468 cum
462 1420 695 1485 prophetia
721 1430 996 1475 exsereretur,
1029 1419 1175 1479 lingua
1196 1435 1352 1464 canum
1377 1429 1439 1464 est

66 1503 403 1539 commemorata
424 1529 435 1548 ‚
474 1510 561 1538 non
598 1491 777 1537 dentes:
803 1513 822 1533 «
849 1493 1045 1537 Tuorum
1080 1501 1223 1536 autem
1250 1507 1407 1536 canum
1425 1527 1436 1545 ‚

67 1584 87 1604 υ
110 1563 217 1608 dixit
236 1600 247 1619 ,
273 1581 320 1609 ex
343 1563 555 1618 mimicis,
582 1584 600 1604 υ
626 1561 672 1607 id
703 1571 790 1618 est,
816 1573 864 1607 ut
888 1561 964 1624 qui
996 1571 1118 1606 erant
1148 1560 1315 1606 inimici
1342 1560 1435 1616 tui,

66 1634 216 1679 fierent
238 1650 362 1679 canes
384 1633 470 1689 tui,
492 1643 534 1678 et
549 1633 757 1678 latrarent
775 1649 857 1695 pro
876 1642 917 1677 te
931 1669 941 1687 ,
966 1632 1041 1695 qui
1061 1631 1296 1676 saeviebant
1315 1630 1359 1675 in
1380 1641 1433 1677 te.

67 1703 252 1749 Addidit
266 1715 406 1750 autem
421 1740 432 1760 ,
457 1725 476 1745 α
499 1703 569 1750 Ab
590 1703 685 1765 ipso
705 1740 715 1758 ,
741 1724 761 1745 ›>
782 1713 829 1748 ut
843 1719 931 1747 11011
951 1720 974 1748 a
990 1720 1032 1748 se
1048 1702 1152 1764 ipsis
1172 1701 1257 1746 hoc
1274 1700 1439 1746 factum

65 1774 375 1834 intelligerent,
399 1774 470 1820 sed
495 1794 515 1814 α
542 1774 609 1819 Ab
643 1773 736 1836 ipso
756 1810 767 1829 ,
793 1794 812 1814 >2
835 1773 883 1818 id
907 1784 993 1830 est,
1029 1770 1324 1818 misericordia
1349 1774 1440 1830 ejus

67 1854 114 1889 et
136 1845 286 1904 gratia.

130 1915 208 1962 Xl.
233 1917 528 1974 Quaestiones
557 1933 619 1959 ear
646 1914 884 1977 Apostolo.
912 1918 1174 1976 Responsio
1201 1914 1435 1976 adquaes—

68 1990 242 2030 lz'onem
277 1986 337 2030 cle
368 1986 494 2048 Eplz.
535 2001 592 2031 iv.
636 2001 649 2030 1
670 2001 705 2031 1.
747 2013 808 2018 -—-
850 1986 914 2029 De
949 1983 1183 2046 Prophetis
1217 1983 1337 2045 quod
1381 1984 1440 2028 ait

67 2055 302 2118 Apostolus
325 2072 336 2099 ε
363 2076 383 2097 α
407 2054 630 2111 Quosdam
661 2054 839 2117 quidem
873 2053 994 2099 dedit
1029 2056 1141 2099 Deus
1170 2054 1214 2098 in
1247 2053 1439 2098 Ecclesia

66 2148 88 2169 >³
108 2126 335 2189 Apostolos
353 2163 362 2181 ,
390 2125 604 2189 quosdam
630 2137 774 2171 autem
802 2126 1070 2188 Prophetas:
1093 2125 1215 2170 »hoc
1240 2124 1438 2184 intelligo

64 2196 182 2261 quod
211 2197 302 2260 ipse
340 2195 571 2259 scripsisti,
593 2196 837 2259 Prophetas
866 2213 936 2242 eos
962 2195 1102 2241 dictos
1131 2195 1213 2240 isto
1241 2194 1367 2248 loco,
1392 2212 1438 2241 ex

66 2266 227 2329 quibus
264 2266 441 2326 Agabus
473 2276 590 2322 erat,
624 2283 713 2311 non
740 2266 835 2312 illos
866 2267 942 2329 qui
967 2276 1201 2311 venturum
1235 2265 1280 2310 in
1313 2282 1442 2310 carne

65 2336 306 2382 Dominum
355 2335 743 2399 prophetaverunt.
784 2337 1074 2396 Evangelistas
1124 2352 1223 2380 vero
1269 2335 1441 2388 inveni-

64 2422 185 2461 mus,
220 2423 329 2470 quos
355 2405 585 2468 Apostolos
617 2405 745 2452 fuisse
769 2423 856 2452 non
878 2407 1080 2466 legimus3
1113 2405 1227 2451 sicut
1260 2403 1438 2452 fuerunt

66 2476 209 2521 Lucas
246 2487 289 2521 et
318 2477 507 2521 Marcus.
554 2475 752 2522 Pastores
791 2487 935 2522 autem
976 2487 1018 2521 et
1052 2476 1262 2520 Doctores
1278 2511 1290 2530 ,
1330 2491 1438 2537 quos

67 2547 249 2592 maxime
267 2557 315 2592 ut
335 2546 622 2592 discernerem
639 2546 838 2603 voluisti,
875 2546 1046 2592 eosdem
1061 2556 1172 2609 puto
1193 2560 1280 2592 esse
1295 2580 1306 2600 ‚
1327 2544 1439 2590 sicut

116 2628 125 2651 ¹
147 2628 228 2662 Psal.
250 2637 341 2668 mm,
357 2634 410 2665 24.
429 2646 472 2654 —-
486 2626 501 2651 ²
517 2629 593 2664 Isa'i.
609 2638 676 2669 nvi,
696 2641 749 2663 ιο.
763 2627 835 2657 -3
847 2629 954 2662 Judic.
975 2638 1033 2669 vu,
1054 2640 1085 2669 7.
