1799 3251
374 282 427 313 12
781 280 816 310 S.
857 279 1101 310 AUGUSTINI
1134 276 1334 308 EPISCOPI

370 346 546 408 gelium.
589 366 608 387 «
631 345 683 390 In
708 344 927 408 principio
961 355 1050 390 erat
1083 344 1301 399 Verbum,
1338 354 1379 389 et
1414 343 1608 389 Verbum
1650 350 1742 387 erat

372 438 394 459 >)
414 417 532 480 apud
557 417 694 462 Deum
708 412 720 471 ‚i
752 427 793 461 et
818 417 930 460 Deus
958 426 1048 460 erat
1071 414 1263 459 Verbum
1287 431 1297 458 z
1322 414 1408 460 hoc
1428 425 1518 460 erat
1542 412 1586 459 in
1611 411 1742 475 prin-

372 508 393 529 »
413 487 528 549 cipio
551 485 667 549 apud
686 489 839 530 Deum,
871 486 1031 530 Omnia
1049 502 1125 547 per
1143 485 1286 546 ipsum
1314 483 1425 529 facta
1454 494 1571 538 suut,
1592 494 1633 528 et
1655 481 1743 528 sine

377 557 508 619 »ipso
531 555 693 601 factum
722 565 782 600 est
816 554 943 599 nihil.
979 554 1110 611 Quod
1146 554 1307 599 factum
1348 565 1411 599 est
1448 554 1491 599 in
1527 552 1621 616 ipso
1656 553 1744 597 vita

377 646 400 668 >2
418 637 536 681 erat,
564 636 604 670 et
627 625 714 670 vita
737 636 828 670 erat
860 625 929 669 lux
952 624 1201 677 homiuum„
1234 635 1274 668 et
1296 623 1365 668 lux
1389 624 1432 668 in
1459 623 1647 668 tenebris
1673 622 1746 667 lu-

379 707 509 751 »cet‚
546 706 587 740 et
626 696 813 740 tenebrae
847 712 938 740 eam
972 713 1059 740 nou
1093 694 1519 756 comprehenderunt
1538 693 1571 739 ¹1.
1601 715 1621 735 ›>
1664 691 1746 737 Hic

379 782 480 825 ergo
496 769 614 810 Deus
640 765 831 810 Verbum
852 766 927 810 Dei
944 803 953 821 ‚
983 783 1059 829 per
1079 765 1195 827 quod
1216 764 1330 810 faeta
1355 776 1455 810 sunt
1485 765 1651 821 omnia,
1673 762 1747 808 Fi-

380 834 465 880 lius
484 836 559 879 Dei
580 845 666 889 est,
688 835 1104 880 incommutabiliter
1127 852 1300 880 maneus
1317 872 1327 891 ,
1352 836 1516 898 ubique
1539 851 1744 898 praesens,

382 904 502 950 nullo
523 904 693 950 clausus
717 905 839 960 loco,
875 923 952 951 nec
984 905 1197 968 partiliter
1231 923 1308 967 per
1346 916 1503 951 cuneta
1536 905 1746 959 diffusus,

382 985 591 1037 tanquam
618 975 827 1019 minorem
848 986 1014 1038 partem
1036 975 1195 1020 habeat
1218 976 1261 1020 in
1286 976 1442 1021 minori
1469 975 1565 1021 loco
1581 1012 1591 1031 ,
1632 985 1673 1019 et
1707 973 1751 1019 in

383 1044 537 1103 majori
560 1048 763 1103 majorem
782 1082 792 1100 ,
815 1045 887 1090 sed
912 1046 1074 1109 ubique
1096 1056 1226 1101 totus,
1256 1057 1383 1109 atque
1405 1047 1464 1091 ita
1489 1063 1575 1091 non
1602 1045 1753 1090 absens

384 1113 511 1157 etiam
545 1114 762 1158 mentibus
800 1115 1058 1177 impiorum,
1086 1116 1283 1177 quamvis
1313 1133 1410 1161 eum
1447 1133 1533 1161 non
1550 1114 1749 1168 videant,

386 1182 497 1227 sicut
521 1199 600 1228 nec
635 1183 715 1228 ista
749 1184 821 1228 lux
848 1185 1020 1230 videtur
1052 1185 1187 1230 oculis
1224 1197 1480 1248 preesentata
1514 1201 1748 1230 czecorum.

386 1252 525 1296 Lucet
547 1269 646 1312 ergo
666 1263 706 1298 et
734 1253 780 1298 iu
806 1255 989 1300 tenebris
1013 1255 1189 1310 talibus,
1208 1255 1356 1318 quales
1381 1253 1609 1318 Apostolus
1628 1251 1756 1312 signi-

390 1321 513 1376 ficat,
543 1322 619 1367 ubi
638 1322 769 1368 dicit:
807 1344 828 1365 «
848 1324 1001 1370 Fuistis
1025 1324 1257 1388 aliquando
1279 1326 1495 1380 tenebrae,
1529 1340 1646 1369 nuuc
1677 1339 1757 1367 au-

388 1410 410 1431 »
430 1400 514 1436 tem
532 1391 603 1436 lux
624 1393 667 1437 in
688 1394 874 1439 Domino
890 1395 930 1439 2:
955 1417 974 1436 ›>
1000 1395 1072 1440 sed
1099 1412 1189 1440 eam
1210 1395 1313 1440 tales
1338 1395 1527 1440 tenebrae
1553 1409 1757 1456 compre-

388 1458 650 1508 henderunt.

453 1529 550 1577 VII.
595 1532 793 1597 Suscepit
811 1533 954 1599 itaque
974 1535 1195 1582 hominem
1217 1573 1225 1589 ‚
1250 1552 1379 1599 quem
1396 1535 1542 1580 videre
1560 1533 1757 1580 homines

389 1610 614 1664 poterant,
642 1614 689 1648 ut
708 1605 844 1650 sanati
874 1622 948 1668 per
973 1605 1100 1650 fidem
1131 1616 1278 1669 postea
1303 1603 1497 1650 viderent
1517 1603 1635 1667 quod
1655 1613 1760 1648 tunc

391 1669 537 1716 videre
555 1689 641 1717 non
660 1684 874 1735 poteraut.
909 1674 992 1720 Sed
1014 1692 1065 1719 ne
1084 1675 1218 1720 bomo
1241 1673 1441 1720 Christus
1460 1691 1509 1719 eo
1526 1674 1648 1737 ipso,
1672 1688 1760 1736 quo

391 1739 617 1787 visibiliter
641 1744 910 1806 apparebat,
934 1763 1019 1790 nor.
1045 1745 1289 1790 crederetur
1320 1756 1360 1790 et
1387 1747 1526 1799 Deus,
1562 1754 1760 1789 tantum-

393 1826 477 1873 que
510 1812 573 1856 illi
618 1813 897 1870 tribueretur,
935 1825 1144 1877 quantum
1195 1813 1362 1859 homiui
1398 1812 1761 1859 excellentissimae

394 1882 543 1940 gratiae
564 1894 691 1946 atque
710 1885 958 1947 sapientiae3
982 1886 1078 1931 ideo
1098 1908 1116 1926 «
1136 1886 1234 1930 Fuit
1257 1885 1391 1930 bomo
1417 1884 1567 1930 missus
1587 1903 1609 1929 a
1636 1884 1727 1928 Deo
1747 1919 1758 1938 ,

395 1971 416 1991 υ
436 1952 507 1996 cui
534 1970 689 1998 nomen
712 1965 801 1999 erat
825 1960 1020 2002 Joannes.
1052 1956 1136 2001 Hic
1161 1955 1340 2001 venitin
1364 1954 1656 2000 testimonium
1672 1990 1682 2008 ‚
1716 1962 1765 1998 ut

396 2041 418 2062 ³>
440 2023 727 2069 testimouium
748 2026 992 2087 perhiberet
1015 2027 1068 2071 de
1084 2026 1246 2071 lumine
1261 2063 1271 2081 ,
1296 2037 1343 2070 ut
1370 2042 1516 2071 omnes
1541 2022 1765 2069 crederent

397 2111 417 2131 >³
438 2108 514 2153 per
548 2092 686 2139 illum.
729 2095 824 2140 Non
857 2106 947 2141 erat
978 2097 1049 2142 ille
1087 2097 1258 2151 lumen,
1296 2095 1368 2141 sed
1400 2106 1448 2140 ut
1471 2094 1763 2140 testimonium

398 2181 418 2201 ›>
438 2162 686 2224 perhiberet
714 2164 766 2209 de
805 2165 968 2211 lumine
985 2166 1016 2211 Δ.
1047 2189 1065 2206 »
1100 2167 1263 2211 Tantus
1295 2165 1410 2210 enim
1440 2164 1579 2209 homo
1612 2162 1766 2208 debuit

395 2231 626 2294 perhibere
653 2235 943 2281 testimonium
976 2236 1029 2281 de
1058 2237 1156 2292 illo,
1185 2235 1371 2300 quinon
1397 2245 1566 2280 tantum
1601 2234 1762 2289 homo,

396 2318 545 2347 verum
583 2304 712 2349 etiam
746 2307 862 2352 Deus
893 2318 1006 2362 erat,
1041 2317 1088 2352 ut
1120 2306 1172 2352 de
1207 2306 1281 2352 illo
1310 2305 1541 2361 diceretur,
1574 2304 1695 2369 quod
1720 2303 1765 2349 in

396 2376 508 2421 natis
530 2376 758 2421 mulierum
781 2395 906 2423 nemo
932 2389 1150 2438 exurgeret
1167 2382 1306 2437 major
1322 2381 1487 2423 Joanne
1509 2375 1761 2440 Baptista5:

397 2446 457 2491 sic
483 2446 595 2490 enim
613 2446 682 2491 ille
704 2449 772 2492 cui
792 2450 943 2508 majori
962 2454 1144 2494 Joaunes
1170 2447 1459 2494 testimonium
1476 2443 1760 2511 perhibebat,

398 2515 706 2574 intelligeretur
730 2518 814 2563 hoc
837 2536 920 2564 esse
942 2523 1096 2578 major,
1119 2537 1206 2583 quo
1227 2538 1313 2566 non
1339 2530 1507 2564 tantum
1527 2516 1766 2571 homo,sed

444 2598 562 2629 ¹Joau·
583 2609 604 2635 1,
627 2598 919 2641 ¹-3.—'¹1⁵phe5.
942 2611 971 2636 r,
995 2603 1023 2632 S.
1044 2620 1087 2624 —0-
1103 2600 1115 2623 3
1136 2604 1232 2635 50:111.
1258 2614 1282 2638 ι,
1304 2603 1374 2634 6-8.
1392 2619 1435 2625 —
1451 2599 1463 2623 ⁴
1484 2599 1599 2633 Matth.
1618 2611 1663 2637 xx,
1688 2610 1739 2630 11.
