1799 3251
546 301 756 332 EPISTOLA
793 299 914 332 cmi.
1345 290 1435 335 225

69 367 214 424 dedit,
244 368 366 413 vellet
400 367 573 430 quidem
601 377 816 430 repetere,
860 367 940 413 nisi
965 367 1130 413 timeret
1167 368 1230 413 x‘el
1256 367 1440 431 puderet

69 455 230 484 emisse.

133 509 290 554 XMV.
317 509 427 554 Sunt
446 507 540 553 aliae
558 524 752 571 personae
772 506 984 553 inferioris
998 507 1083 553 loci
1101 546 1110 563 ,
1132 525 1231 572 qum
1250 509 1305 554 ab
1325 520 1440 555 utra·

70 594 153 640 que
176 590 299 641 parte
321 595 407 623 non
429 577 660 623 insolenter
685 577 935 640 accipiunt,
959 577 1070 622 sicut
1099 578 1318 633 officialis,
1350 591 1391 626 et
1415 598 1437 625 a

70 664 157 710 quo
183 647 454 703 admovetur,
477 659 516 694 et
538 649 607 694 eui
642 647 897 693 admovetur
927 648 1116 693 officium
1147 666 1157 693 t
1188 649 1243 693 ab
1268 649 1336 695 his
1369 669 1442 696 ex-

72 728 181 763 torta
198 735 272 781 per
288 718 618 763 immoderatam
636 718 963 780 improbitatem
979 754 988 771 ,
1008 719 1143 780 repeti
1161 719 1321 775 solent,
1340 720 1441 767 data

71 805 149 850 per
178 787 445 833 tolerabilem
485 787 867 844 consuetudinem,
905 805 992 833 non
1024 788 1186 840 solent;
1227 790 1446 854 magisque

71 857 452 920 reprehendimus,
493 859 567 920 qui
604 858 702 902 talia
738 858 939 904 inusitate
964 859 1284 921 repetiverunt,
1312 877 1442 923 quam

71 929 148 991 qui
170 945 217 973 ea
243 927 296 973 de
314 945 431 973 more
451 938 729 990 sumpserunt
752 945 762 972 ε
795 929 998 990 quoniam
1026 929 1176 974 multae
1197 931 1446 978 necessariae

71 1015 269 1061 personae
288 998 417 1043 rebus
443 998 645 1043 humanis
666 1035 675 1053 ,
697 997 764 1043 vel
784 999 1026 1044 invitantur
1046 999 1297 1059 hujusmodi
1321 1018 1445 1047 com-

72 1067 234 1120 modis,
257 1066 323 1112 vel
353 1078 566 1113 tenentur.
610 1068 684 1112 Isti
716 1068 747 1112 si
787 1068 898 1114 viam
927 1069 1028 1114 vitae
1053 1071 1338 1127 mutaverint,
1375 1083 1447 1118 aut

71 1137 378 1183 excellentioris
402 1137 731 1183 conscenderint
763 1139 1004 1183 sanctitatis
1037 1139 1245 1198 gradum,
1280 1140 1450 1188 facilius

72 1225 145 1263 ea,
170 1224 270 1270 quae
296 1207 382 1252 hoc
408 1207 539 1253 modo
567 1208 886 1270 acquisierunt.
914 1220 1118 1272 tanquam
1147 1227 1220 1255 sua
1242 1213 1450 1275 pauperi-

71 1277 432 1337 buslargiuntur‚
455 1295 584 1341 quam
602 1280 676 1333 eis,
699 1278 895 1341 aquibus
911 1290 1084 1342 accepta
1107 1291 1222 1335 sunt,
1243 1292 1453 1345 tanquam

74 1349 209 1394 aliena
230 1348 478 1394 restituunt.
506 1349 593 1404 Qui
613 1365 710 1393 rere
732 1360 883 1394 eontra
904 1353 975 1407 jus
994 1351 1207 1396 societatis
1225 1351 1451 1409 humanae,

72 1418 197 1464 furtis
217 1455 227 1470 ,
259 1418 422 1480 rapinis
443 1455 453 1472 ,
475 1417 704 1463 calumniis
721 1455 730 1466 .
759 1420 1139 1481 oppressionibus,
1161 1422 1457 1468 invasionibus

74 1488 326 1543 abstulerit,
360 1486 580 1533 reddenda
621 1488 764 1551 potius
799 1505 932 1551 quam
969 1489 1172 1535 donanda
1207 1508 1455 1549 censemus,

73 1559 253 1604 Zachaei
278 1558 506 1622 publicani
524 1559 773 1617 evangelico
791 1559 986 1622 exemplo
1003 1597 1012 1615 ,
1035 1561 1108 1623 qui
1137 1578 1235 1606 cum
1264 1562 1456 1626 hospitio

77 1631 312 1675 Dominum
332 1629 600 1691 suscepisset,
619 1628 662 1673 in
682 1630 811 1674 vitam
832 1642 1024 1674 sanctam
1046 1643 1219 1692 repente
1238 1643 1452 1679 mutatus:

75 1720 95 1742 «
121 1699 387 1754 Dimidium,
416 1698 588 1762 inquit,
623 1716 765 1744 rerum
793 1717 984 1745 mearum
1015 1701 1070 1745 do
1097 1703 1366 1765 pauperibus
1385 1742 1395 1760 ,
1419 1716 1459 1749 et

76 1791 95 1811 >²
121 1770 153 1815 si
178 1770 249 1814 cui
272 1768 436 1832 aliquid
458 1769 619 1814 abstuli
637 1806 646 1814 .
670 1769 970 1832 quadruplum
997 1770 1146 1816 reddo.
1176 1796 1193 1812 ι,

138 1840 274 1886 XXV.
303 1840 608 1885 Verumtamen
624 1840 654 1884 si
668 1841 837 1898 Justitia
859 1842 1345 1890 silueritisconsulatur.
1364 1849 1454 1905 jus·

77 1913 160 1957 tius
190 1910 352 1956 dicitur
385 1909 599 1955 advocato
634 1927 644 1954 τ
676 1909 830 1955 Redde
870 1911 987 1973 quod
1013 1913 1246 1974 accepisti,
1275 1915 1452 1976 quando

75 1992 225 2027 contra
247 1981 471 2026 veritatem
496 1981 643 2026 stetisti
660 2023 669 2035 ,
701 1981 920 2044 iniquitati
947 1982 1103 2027 affuisti
1126 2020 1134 2028 .
1163 1983 1358 2041 judicem
1387 1986 1453 2030 fe-

76 2051 244 2104 fellisti,
267 2054 428 2110 justam
462 2068 635 2096 causam
670 2052 946 2113 oppressisti,
980 2051 1033 2097 de
1071 2052 1252 2098 falsitate
1278 2055 1446 2111 vicisti,

78 2121 220 2186 (quod
245 2120 360 2166 vides
392 2120 548 2166 multos
575 2121 893 2167 honestissimos
920 2133 959 2167 et
978 2122 1276 2169 disertissimos
1306 2126 1419 2170 viros
1438 2164 1447 2178 ,

78 2209 162 2238 non
188 2191 326 2237 solum
350 2192 530 2253 impune
545 2229 554 2237 .
578 2192 857 2237 verumetiam
878 2193 1059 2251 gloriose
1077 2192 1212 2238 videri
1234 2194 1315 2240 sibi
1335 2212 1451 2241 com-

79 2264 244 2308 mittere
257 2264 273 2317 J.
314 2278 444 2324 quam
472 2261 677 2324 cuiquam
717 2264 758 2307 in
799 2264 993 2326 quolibet
1030 2263 1172 2307 ollicio
1211 2264 1411 2310 militanti
1436 2283 1445 2310 :

94 2333 227 2379 ’teddo
252 2332 370 2396 <1¹¹0<¹
407 2334 634 2395 accepisti,
662 2334 837 2396 quando
863 2335 1045 2392 jubente
1075 2333 1224 2392 judice
1258 2336 1451 2381 cuicum-

76 2423 160 2469 que
184 2421 324 2450 causae
362 2404 641 2448 necessarium
680 2405 899 2450 hominem
935 2407 1128 2460 tenuisti,
1157 2423 1209 2450 ne
1242 2407 1451 2451 resisteret

80 2476 245 2521 vinxisti
268 2512 278 2529 ,
299 2491 348 2519 ne
369 2475 532 2531 fugeret
563 2474 798 2529 inclusisti,
829 2487 1047 2538 postremo
1078 2486 1149 2520 aut
1171 2488 1449 2538 permanente

80 2544 396 2592 liteexliibuisti
412 2581 421 2599 ‚
441 2554 514 2588 aut
533 2545 650 2589 linita
673 2544 885 2591 dimisisti.
915 2544 997 2590 Sed
1017 2545 1123 2590 illud
1146 2563 1225 2591 cur
1239 2546 1450 2591 advocato

80 2634 164 2663 non
190 2617 362 2662 dicatur
384 2615 427 2659 in
464 2627 670 2678 promptu
698 2627 783 2666 est„
825 2617 926 2680 qnia
963 2616 1125 2662 scilicet
1157 2617 1214 2663 ita
1248 2634 1335 2661 non
1360 2617 1453 2661 vult

241 2704 397 2734 cmvii.
1275 2703 1327 2733 15)
