1799 3251
323 247 421 311 474
745 260 781 292 s.
825 259 1071 292 Ausum-Im
1104 254 1312 289 EPIscom

321 327 533 374 coaluerit
550 365 560 383 ‚
588 338 630 374 et
652 326 775 387 vigor
796 325 1078 389 consequitur
1101 334 1143 369 et
1167 323 1348 368 fructus.
1374 321 1420 368 Si
1447 333 1592 370 autem
1609 341 1699 370 non

323 398 560 454 coaluerit,
586 398 657 444 ille
676 397 853 460 quidem
875 396 1054 451 arescit,
1079 394 1152 440 sed
1170 394 1259 439 vita
1282 393 1448 438 arboris
1466 411 1700 457 permane-

329 467 410 515 bit.
461 469 535 514 Est
559 467 672 514 enim
698 477 740 512 et
768 465 851 511 tale
873 465 1084 511 inserendi
1112 479 1243 523 genus
1260 499 1272 519 ,
1304 472 1352 507 ut
1374 462 1494 509 nullo
1516 463 1699 526 praeciso

321 555 444 583 ramo
466 538 544 601 qui
562 538 679 583 intus
699 546 760 582 est
778 557 789 591 ;
809 535 881 581 ille
895 536 972 599 qui
992 535 1096 581 foris
1116 544 1177 580 est
1200 533 1431 590 inseratur,
1448 551 1537 579 non
1551 545 1698 579 tamen

322 607 469 664 nullo,
494 607 567 653 sed
592 607 658 653 vel
697 605 912 652 levissimo
937 605 1103 650 arboris
1129 603 1319 649 vulnere.
1350 604 1417 648 Ita
1439 621 1540 663 ergo
1569 614 1611 648 et
1631 603 1702 649 isti

325 695 429 723 cum
466 677 522 723 ad
555 677 749 724 radicem
779 675 1045 721 catholicam
1078 674 1285 728 veniunt,
1322 690 1401 719 nec
1425 674 1482 719 eis
1505 673 1702 737 quamvis

323 758 424 811 post
442 747 595 793 erroris
613 748 679 792 sui
706 745 1013 809 poenitentiam
1033 745 1177 790 honor
1198 743 1426 789 clericatus
1445 743 1511 790 vel
1530 744 1703 806 episco-

325 829 452 881 patus
477 818 685 872 aufertur,
709 818 759 862 fit
775 815 953 879 quidem
977 815 1144 879 aliquid
1163 826 1372 878 tanquam
1393 815 1437 860 in
1454 815 1615 860 cortice
1632 831 1704 859 ar-

322 889 442 934 boris
461 889 611 935 matris
637 899 788 934 contra
810 887 1098 946 integritatem
1120 886 1355 931 severitatis
1374 903 1384 930 :
1405 895 1705 932 verumtamen

325 958 428 1021 quia
448 975 588 1022 neque
613 958 690 1022 qui
716 958 886 1020 plantat
904 967 965 1002 est
990 955 1155 1019 aliquid
1172 992 1182 1011 ‚
1209 972 1348 1018 neque
1366 956 1444 1019 qui
1469 954 1626 1016 rigat1‚
1650 954 1706 1000 ad

324 1029 405 1073 Dei
429 1028 769 1074 misericordiam
810 1027 1015 1089 precibus
1048 1026 1152 1072 fusis
1179 1025 1445 1072 coalescente
1473 1026 1704 1071 insitorum

324 1115 433 1160 pace
463 1115 686 1143 ramorum
707 1135 717 1152 ,
745 1097 937 1142 charitas
963 1097 1160 1160 cooperit
1194 1096 1521 1142 multitudinem
1546 1112 1708 1159 pecca-

326 1180 487 1216 torum.

392 1243 525 1289 XLV.
556 1243 615 1287 L‘t
630 1243 744 1288 enim
763 1244 1102 1288 constitueretur
1114 1241 1159 1287 in
1175 1241 1365 1287 Ecclesia
1382 1277 1393 1296 ,
1411 1257 1465 1286 ne
1481 1241 1711 1305 quisquam

328 1324 425 1376 post
446 1313 630 1373 alicujus
656 1313 851 1358 criminis
881 1312 1184 1376 poenitentiam
1210 1311 1464 1356 clericatum
1488 1311 1705 1375 accipiat,

327 1383 394 1428 vel
416 1383 467 1428 ad
489 1383 741 1428 clericatum
768 1383 938 1439 redeat,
974 1382 1041 1428 vel
1071 1383 1114 1427 in
1148 1381 1356 1427 clericatu
1388 1392 1588 1435 maneat,
1615 1399 1706 1428 non

329 1452 626 1516 desperatione
660 1453 973 1513 indulgentiae‚
1010 1451 1083 1498 sed
1116 1452 1255 1511 rigore
1290 1452 1458 1498 factum
1489 1451 1708 1497 estdisci-

325 1523 461 1586 plinae
483 1541 493 1568 ε
521 1523 714 1586 alioquin
737 1534 889 1569 contra
915 1523 1058 1569 claves
1080 1522 1204 1568 datas
1224 1522 1429 1568 Ecclesiae
1449 1521 1705 1585 disputabi-

329 1604 414 1646 tur,
456 1593 508 1638 de
543 1595 705 1656 quibus
737 1594 906 1639 dictum
936 1603 998 1638 est
1029 1610 1039 1637 :
1068 1614 1087 1633 «
1110 1593 1221 1648 Quae
1249 1592 1461 1638 solveritis
1486 1594 1532 1638 in
1563 1602 1705 1649 terra,

333 1685 351 1704 υ
379 1664 519 1709 soluta
543 1675 667 1709 erunt
692 1665 794 1709 etin
815 1664 975 1710 coelo2.
998 1663 1119 1709 »Sed
1139 1680 1192 1708 ne
1215 1662 1394 1708 forsitan
1417 1663 1547 1708 etiam
1571 1663 1711 1708 detec-

328 1735 379 1779 tis
405 1734 663 1780 criminibus
679 1772 689 1789 ‚
712 1752 786 1797 spe
806 1733 986 1779 honoris
1007 1734 1286 1779 ecclesiastici
1305 1733 1475 1778 animus
1498 1733 1713 1778 intumes-

329 1823 427 1851 cens
445 1806 631 1868 superbe
651 1817 791 1865 ageret
812 1807 1114 1868 poenitentiam
1132 1842 1141 1855 ,
1165 1805 1427 1850 severissime
1448 1804 1641 1867 placuit,
1666 1815 1716 1849 ut

327 1887 424 1940 post
448 1888 587 1922 actam
609 1876 662 1921 de
683 1879 864 1921 crimine
883 1876 1123 1921 damnabili
1145 1876 1451 1938 poenitentiam
1469 1912 1480 1929 ‚
1506 1892 1632 1920 nemo
1659 1875 1715 1920 sit

328 1947 509 1993 clericus
526 1985 535 2003 ‚
560 1959 606 1992 ut
628 1947 927 2010 desperatione
955 1947 1201 2008 temporalis
1228 1945 1470 1990 altitudinis
1491 1945 1709 1990 medicina

330 2022 468 2078 major
489 2030 531 2063 et
555 2020 694 2063 verior
719 2029 825 2063 esset
854 2017 1126 2063 humilitatis,
1167 2018 1275 2062 Nam
1298 2027 1340 2061 et
1364 2027 1539 2061 sanctus
1568 2016 1714 2062 David

328 2088 381 2134 de
405 2088 662 2133 criminibus
701 2087 931 2132 mortiferis
966 2088 1269 2149 poenitentiam
1299 2087 1409 2146 egit,
1433 2097 1475 2131 et
1505 2097 1649 2130 tamen
1669 2086 1715 2131 in

327 2159 494 2204 honore
518 2175 594 2203 suo
619 2158 850 2221 perstititss.
886 2159 939 2203 Et
957 2158 1132 2203 beatum
1160 2159 1340 2202 Petrum
1357 2194 1367 2212 ‚
1389 2156 1568 2220 quando
1591 2174 1714 2202 ama-

329 2229 516 2274 rissimas
534 2229 749 2291 lacrymas
767 2229 910 2284 fudit,
937 2229 1086 2291 utique
1110 2229 1346 2273 Dominum
1368 2244 1540 2286 negasse
1562 2228 1715 2291 poeni-

329 2299 438 2352 tuit,
456 2309 496 2342 et
515 2308 657 2344 tamen
679 2299 910 2361 Apostolus
928 2300 1101 2345 mansit.
1129 2298 1211 2343 Sed
1227 2315 1313 2343 non
1327 2297 1424 2343 ideo
1445 2314 1716 2360 supervacua

330 2368 527 2431 putanda
555 2379 616 2412 est
640 2370 931 2431 posteriorum
953 2369 1203 2428 diligentia‚
1231 2369 1309 2431 qui
1340 2368 1417 2413 ubi
1447 2368 1576 2413 saluti
1602 2366 1715 2412 nihil

330 2438 664 2494 detrahebatur,
688 2439 929 2485 humilitati
966 2439 1132 2502 aliquid
1166 2439 1460 2493 addiderunt,
1488 2455 1576 2501 quo
1602 2437 1715 2482 salus

329 2510 467 2556 tutius
492 2510 754 2566 muniretur,
787 2511 951 2575 experti
990 2510 1122 2557 credo
1145 2510 1394 2574 aliquorum
1419 2509 1543 2555 fictas
1566 2508 1713 2573 poeni-

378 2593 391 2615 ¹
410 2604 424 2623 t
438 2594 520 2625 Cor.
541 2604 591 2628 ιιι,
610 2605 641 2631 7.
657 2610 701 2618 —-
718 2591 735 2615 2
750 2593 868 2635 Matth.
891 2605 958 2633 παι,
979 2603 1033 2635 ῐ9».
1050 2609 1095 2618 -
1109 2590 1123 2614 3
1142 2605 1157 2624 2
1179 2595 1262 2634 Reg.
1279 2603 1338 2632 xu,
1362 2593 1416 2632 13,
1437 2596 1469 2623 et
1483 2602 1574 2626 xxxv,
1596 2601 1654 2631 17«
