1799 3251
555 323 765 353 EPISTOLA
801 323 1014 354 crxxxm.
1374 309 1466 363 435

104 401 176 436 tan
201 406 281 454 per
300 387 454 447 vulgus
476 387 701 433 incautum
717 423 728 442 ‚
749 386 984 450 rapacique
997 386 1130 449 lupus
1148 386 1278 432 corde
1294 387 1467 434 laetetur

102 461 217 507 intra
238 458 348 505 ovile
366 457 634 503 dominicum
655 467 795 502 tantas
818 457 963 502 ovium
983 456 1095 502 fusas
1118 467 1334 513 catervas,
1361 458 1470 504 dum

105 549 128 577 a
161 529 414 576 custodibus
456 527 776 573 dissimulanter
818 527 1009 572 habetur
1053 527 1212 574 vulnus
1260 527 1466 576 duarum.

102 598 465 663 Prospiciendum
489 607 550 643 est
573 613 671 657 ergo
695 614 748 642 ne
778 596 1071 661 permittendo
1094 597 1221 661 lupos
1250 615 1474 648 mercena-

103 669 155 720 rii
175 668 309 728 magis
331 667 556 714 videamur
575 683 661 712 esse
676 683 810 732 quam
831 677 1039 729 pastores,
1066 687 1086 708 n

167 740 266 786 VII.
312 760 333 780 α
353 739 566 784 Jubemus
600 754 699 783 sane
724 775 735 795 ‚
768 737 976 801 quoniam
1022 737 1223 783 Christus
1263 736 1476 784 Dominus

106 809 288 873 propria
321 826 426 855 voce
457 809 738 869 significavit,
777 808 891 854 nolle
919 824 961 853 se
984 818 1166 853 mortem
1190 807 1444 853 morientis1
1462 845 1474 864 ‚

107 890 278 926 tantum
306 890 355 926 ut
372 889 613 926 revertatur
634 889 675 924 et
697 879 835 934 vivat,
860 877 895 923 si
921 895 1113 940 unquam
1145 878 1201 923 ad
1229 894 1379 923 sanum
1398 876 1480 923 de-

104 949 247 1013 posito
271 951 395 1012 pravi
423 949 637 1008 dogmatis
658 965 800 994 errore
817 947 1126 1010 resipuerint‘2,
1148 947 1482 1010 damnarintque

104 1016 153 1064 'ea
189 1035 376 1081 quorum
404 1036 445 1063 se
467 1018 551 1081 ipsi
574 1017 935 1081 praevaricatione
954 1016 1244 1072 damnarunt,
1274 1017 1331 1062 eis
1349 1016 1485 1062 medi-

106 1089 249 1135 cinam
271 1089 463 1145 solitam‚
499 1089 544 1134 id
580 1099 669 1145 est,
702 1088 1026 1152 receptaculum
1054 1105 1178 1134 suum
1205 1088 1262 1132 ab
1293 1086 1486 1132 Ecclesia

107 1175 194 1204 non
218 1160 367 1219 negari
392 1177 402 1204 :
431 1176 484 1204 ne
501 1159 605 1204 dum
637 1176 706 1205 eos
724 1159 949 1204 redeuntes
971 1157 1148 1203 forsitan
1168 1155 1455 1220 prohibemus
1468 1193 1482 1213 ,

106 1244 204 1275 vere
229 1241 345 1275 extra
369 1229 480 1275 ovile
504 1240 768 1274 remanentes
786 1239 825 1274 et
842 1239 1112 1291 expectantes
1131 1264 1142 1283 ‚
1163 1227 1300 1273 hostis
1319 1225 1484 1272 rabidis

103 1297 306 1345 faucibus
332 1299 590 1359 glutiantur,
610 1316 715 1362 quas
733 1299 779 1344 in
801 1299 1049 1361 semetipsos
1064 1297 1245 1360 spiculis
1273 1296 1383 1342 male
1399 1295 1484 1341 dis-

102 1369 341 1432 putationis
364 1380 602 1416 armarunt.
630 1373 744 1415 Bene
764 1369 923 1424 valete,
947 1369 1113 1414 fratres.
1146 1369 1307 1413 Datum
1324 1403 1334 1422 ‚
1369 1376 1483 1411 sexto

105 1440 292 1487 Kalend.
324 1431 584 1486 Februarias
598 1477 609 1498 ‚
649 1440 844 1487 Honorio
865 1450 905 1485 et
929 1438 1185 1485 Constantio
1206 1437 1307 1484 viris
1329 1436 1482 1485 claris-

107 1512 224 1561 simis
242 1513 544 1560 consulibus.»

99 1675 468 1687 §Mmmvvttzmw-
477 1675 968 1688 ΜΜΜιἋΜιιΊν-ιωω
977 1675 1035 1686 ms
1049 1671 1465 1686 ἈωιἏῑἋΜιαΑ-ιᾏ

481 1783 746 1827 EPISTOLA
780 1784 1035 1828 CLXXXIII
1054 1783 1065 1805 ³
1075 1816 1084 1826 .

96 1905 365 1945 Dilectissimis
379 1904 582 1953 fratribus,
602 1906 776 1944 AURELro
791 1936 800 1954 ,
822 1906 961 1944 Ammo
974 1936 982 1952 ‚
1005 1907 1224 1945 Anonsrrxo
1238 1936 1247 1953 ‚
1267 1905 1417 1944 Evomo
1432 1912 1472 1944 et

329 1967 511 2006 Possmro
529 1968 718 2018 episcopis
732 1997 742 2016 ,
765 1968 1026 2006 INNOCEsrms
1045 1967 1228 2007 salutem.

95 2105 347 2150 Innocentii
368 2105 427 2146 ad
449 2105 642 2160 quinque
660 2105 893 2163 Episcopos
917 2106 1195 2161 rescriptum,
1216 2102 1467 2160 improban-

153 2175 208 2216 tis
239 2173 488 2214 doctrinam
524 2174 721 2232 Pelagii,
755 2190 938 2229 eumque
963 2175 1051 2216 nisi
1070 2172 1272 2214 lzoeresim
1303 2173 1462 2227 ejurat,

151 2241 462 2283 damnandam
482 2255 566 2282 esse
584 2243 937 2296 pronuntiantis.

156 2383 178 2427 Ι
187 2419 196 2428 .
225 2403 245 2424 α
268 2384 630 2435 FRATERNJTATLS
652 2394 804 2430 vestrae
823 2383 986 2429 litteras
1003 2417 1014 2436 ‚
1034 2379 1183 2443 plenas
1202 2376 1328 2431 fidei,
1349 2386 1468 2422 toto-

92 2469 176 2517 que
192 2452 408 2515 religionis
431 2453 662 2501 catholicae
681 2455 829 2516 vigore
849 2456 1040 2501 firmatas
1067 2469 1090 2497 a
1111 2449 1288 2496 duobus
1322 2447 1468 2493 missas

141 2553 152 2576 ¹
167 2554 282 2587 Ezech.
297 2566 418 2594 xxxm,
441 2567 453 2587 1
464 2567 494 2589 1.
510 2572 554 2580 —-
570 2553 586 2577 2
601 2566 619 2587 2
638 2557 725 2588 Petr.
741 2567 797 2595 ιιι,
812 2567 844 2598 9.
859 2573 904 2580 —
918 2551 934 2577 3
953 2551 1039 2586 Alias
1057 2562 1149 2585 xcvx.
1174 2559 1245 2593 quae
1276 2551 1383 2579 aulem
1410 2547 1473 2578 183

97 2615 178 2651 ent,
191 2621 281 2644 nunc
293 2611 327 2645 in
339 2610 460 2649 Bened.
471 2611 664 2656 *Appendice
678 2617 727 2645 est
746 2623 777 2647 2.
791 2628 835 2636 -—
848 2610 970 2655 Scripta
986 2608 1117 2642 ineunte
1128 2616 1184 2654 an.
1205 2612 1223 2642 4
1232 2616 1243 2635 1
1253 2614 1284 2642 7·

1252 2656 1331 2703 28.
