1799 3251
354 282 440 342 1244
752 298 786 329 s.
832 293 1073 330 Aceusrtxt
1109 291 1312 328 muscam

346 365 519 412 habitat
541 364 908 419 inaccessabilem,
933 363 1127 427 corporis
1146 363 1358 419 sensibUS,
1384 377 1472 426 quo
1490 379 1566 408 nec
1584 356 1718 426 ipsius

349 436 429 482 nisi
455 435 608 481 muudi
627 444 768 498 potest
788 451 874 480 ‹s·=e
889 433 1032 479 cordis
1051 435 1272 479 accessus?
1297 435 1408 478 Cum
1428 433 1561 492 igitur
1578 433 1717 479 lucem

348 507 471 552 istam
498 506 615 551 omni
639 505 857 568 corliorali
886 505 1000 559 luci,
1040 521 1127 549 non
1149 502 1287 548 solum
1315 503 1484 561 judicio
1510 503 1687 548 rationis
1704 540 1715 556 ‚

348 576 418 622 sed
446 577 600 621 amoris
630 592 806 638 quoque
842 574 1038 638 appetitu
1069 573 1458 636 praeposuerimus3
1486 583 1652 636 quanto
1674 572 1718 618 id

349 646 483 705 magis
502 645 744 690 valebimus
762 680 772 700 ,
802 655 920 689 tauto
946 643 1096 688 melius
1118 643 1357 688 valebimus
1378 680 1387 696 ,
1416 642 1553 687 donec
1572 660 1720 687 sanen-

350 728 421 761 tur
445 732 592 760 omnes
615 715 840 774 languores
867 714 1024 759 animae
1044 727 1202 758 nostrae
1223 713 1277 758 ab
1301 712 1391 765 illo,
1411 714 1486 776 qui
1504 713 1721 776 propitius

349 787 397 831 lit
417 785 619 830 omnibus
638 784 940 847 iniquitatibus
975 784 1144 829 nostris.
1183 784 1234 827 ln
1258 783 1341 827 hac
1366 783 1476 828 enim
1506 783 1722 828 vivaciore

351 858 437 902 vita
482 855 583 900 sacti
627 854 838 917 spiritales
870 855 1110 916 poterimus
1147 854 1292 898 omnia
1327 853 1598 913 dijtidicar(·;
1642 853 1720 915 ipsi

351 943 452 972 vero
485 944 506 971 a
540 926 708 970 nemine
741 924 989 983 dijudicari.
1026 923 1233 969 Animalis
1264 933 1406 967 autem
1440 923 1571 968 liomo
1596 923 1606 951 ¹
1635 939 1721 968 non

354 997 542 1059 percipit
583 1011 682 1058 (μιῇ)
714 1004 814 1039 sunt
843 994 1019 1056 spiritus
1054 994 1144 1039 Dei.
1184 993 1375 1038 Stultitia
1399 995 1510 1038 enim
1536 1004 1595 1038 est
1626 992 1684 1038 illi
1712 1014 1722 1047 ς

351 1078 391 1112 et
421 1083 506 1111 nou
526 1076 668 1128 potest
691 1066 798 1109 scire
821 1101 830 1112 .
860 1065 1065 1127 quoniam
1093 1064 1343 1126 spiritaliter
1365 1062 1646 1122 dijudicatur.

417 1136 548 1181 XLV.
594 1134 723 1190 Quod
762 1135 793 1179 si
836 1133 1030 1179 nondum
1070 1151 1296 1196 possumus
1338 1134 1537 1196 praeferre,
1584 1135 1722 1179 lucem

347 1205 640 1266 judicantem.
676 1205 710 1249 ci
743 1204 829 1249 luci
867 1204 918 1249 de
943 1220 1029 1266 qua
1061 1203 1315 1262 judicatum
1353 1204 1553 1265 praeferre
1591 1204 1722 1249 vitani

352 1277 657 1336 intelligentem
680 1312 689 1329 ‚
721 1276 821 1320 vitre
842 1274 1144 1319 tantummodo
1169 1275 1366 1320 sentienti
1385 1294 1396 1327 3
1418 1275 1622 1336 praeferre
1643 1292 1726 1320 na-

356 1358 496 1393 turam
513 1357 607 1391 'non
628 1345 731 1391 alibi
749 1346 835 1391 hoc
853 1356 893 1391 et
916 1346 1021 1390 alibi
1042 1345 1159 1390 aliud
1176 1383 1185 1400 ,
1213 1345 1286 1390 sed
1306 1345 1451 1390 onmia
1472 1362 1571 1407 quae
1593 1345 1726 1391 habet

354 1417 400 1463 in
426 1434 512 1463 uno
538 1415 667 1461 simul
692 1415 923 1461 habentem
943 1452 953 1470 ,
985 1416 1110 1460 sicuti
1128 1426 1189 1461 est
1211 1426 1355 1460 nostra
1381 1416 1471 1478 ipsa
1488 1416 1725 1475 intelligen-

353 1489 438 1543 tia,
472 1488 508 1533 ei
543 1498 710 1532 naturae
737 1503 837 1549 quae
874 1488 931 1532 ita
973 1487 1170 1548 partibus
1198 1497 1387 1541 constat,
1421 1497 1468 1531 ut
1498 1487 1640 1532 minor
1673 1488 1726 1532 sit

356 1557 537 1604 dimidia
557 1551 689 1620 quam
713 1567 802 1601 tota
820 1593 830 1609 ‚
856 1557 983 1601 sicuti
1004 1567 1064 1601 est
1088 1573 1215 1602 omne
1231 1572 1415 1618 corpus:
1434 1557 1652 1619 superfluo
1674 1557 1727 1602 de

356 1629 485 1674 rebus
519 1627 645 1672 tantis
680 1643 727 1670 ac
755 1626 914 1671 talibus
951 1625 1237 1689 disputamus.
1277 1627 1322 1671 Si
1348 1637 1488 1671 autem
1519 1627 1604 1671 hoc
1633 1631 1724 1685 jam

355 1715 583 1762 possumus
609 1716 618 1752 3
663 1696 827 1758 aliquid
872 1696 1020 1741 melius
1062 1713 1192 1759 quam
1231 1697 1493 1742 intellectum
1533 1709 1725 1742 nostrum

357 1770 497 1815 Deum
515 1785 601 1813 esse
623 1766 848 1812 credamus
864 1804 873 1821 ‚
901 1777 949 1811 ut
971 1784 1050 1829 pax
1067 1770 1157 1826 ejus
1174 1804 1184 1822 ‚
1206 1784 1305 1830 quae
1331 1766 1723 1830 praecellitomnem

354 1839 620 1885 intellectum
639 1875 649 1891 ‚
679 1837 896 1881 custodiat
914 1838 1046 1882 corda
1067 1848 1210 1882 nostra
1233 1849 1273 1883 et
1296 1836 1598 1896 intelligentias
1622 1855 1724 1883 nos—

357 1923 442 1956 tras
467 1911 511 1954 in
549 1909 722 1953 Christo
759 1908 904 1952 Jesu'2.
949 1909 1044 1970 Ipsa
1082 1909 1195 1952 euim
1230 1925 1337 1970 pax,
1376 1924 1475 1970 quae
1516 1908 1727 1970 pra-“cellit

357 1996 527 2025 omnem
560 1977 853 2031 intellectum,
880 1993 966 2021 non
992 1987 1051 2021 est
1077 1977 1226 2039 utique
1260 1977 1400 2021 minor
1424 1987 1570 2022 nostro
1595 1978 1727 2023 intela-

356 2051 469 2096 lectu
487 2086 497 2105 ‚
525 2059 571 2093 ut
589 2064 687 2093 cum
709 2046 786 2091 iste
804 2047 857 2091 sit
888 2046 1024 2091 oculis
1049 2047 1351 2109 corporalibus
1378 2047 1628 2098 invisibilis,
1653 2048 1727 2095 illa

356 2131 535 2183 putetur
557 2135 642 2163 csse
667 2116 863 2162 visibilis.
897 2119 962 2162 Au
987 2116 1106 2162 aliud
1134 2135 1216 2179 pax
1241 2118 1344 2171 Dei,
1372 2117 1489 2162 aliud
1522 2117 1728 2181 splendor

359 2193 468 2237 Dei?
503 2207 603 2236 cum
637 2188 751 2233 idem
777 2188 868 2250 ipse
893 2187 947 2232 sit
979 2189 1225 2247 unigenitus
1251 2188 1407 2243 Filius,
1438 2193 1562 2247 cujus
1590 2201 1630 2235 et
1653 2190 1727 2236 illa

358 2262 574 2313 charitas,
609 2275 708 2322 quae
743 2258 1030 2320 supereminet
1066 2259 1279 2304 scientiae.
1323 2261 1447 2316 cujus
1483 2261 1728 2318 cognitione

358 2331 643 2394 implebimur
663 2329 705 2373 in
726 2345 897 2372 omnem
923 2327 1239 2390 plenitudinem
1256 2329 1331 2373 Dei
1348 2366 1357 2381 ‚
1387 2346 1471 2373 non
1491 2341 1551 2373 est
1570 2342 1728 2377 nostrai&²

358 2401 509 2446 mentis
529 2400 624 2444 luce
643 2396 835 2451 inferior,
849 2414 950 2460 quae
969 2397 1040 2441 illa
1059 2397 1329 2442 illuminante
1354 2399 1571 2445 tribuitur.
1590 2402 1725 2446 Porro

356 2472 388 2516 si
410 2472 487 2515 ista
508 2467 814 2513 inaccessibilis
838 2477 900 2511 est
923 2467 1060 2512 oculis
1085 2468 1248 2520 carni53
1275 2479 1438 2531 quanto
1459 2470 1593 2528 magis
1621 2470 1692 2515 illa
1711 2508 1721 2525 ‚

351 2542 455 2587 huic
478 2536 881 2600 incomparabiliter
903 2538 1248 2599 supereminens?
1264 2555 1314 2583 ac
1333 2555 1411 2601 per
1437 2538 1520 2583 hoc
1548 2556 1646 2585 cum
1667 2540 1721 2585 sit

404 2627 414 2647 ¹
442 2637 451 2655 ι
473 2627 543 2652 Cor.
563 2633 602 2661 ιι,
624 2628 675 2656 14.
693 2637 735 2643 -
756 2618 771 2640 2
787 2618 903 2662 Philip.
919 2628 1017 2659 1v‚·;.
