1799 3251
388 249 449 298 66
794 263 829 294 s.
870 261 1115 294 AUGUSTINI
1148 260 1352 293 EPISCOPI

385 350 409 373 >›
432 328 685 386 vendentes,
716 338 758 373 et
792 328 919 374 emite
943 326 1097 375 vobis1
1121 345 1133 373 ε
1162 348 1182 369 >)
1206 327 1317 374 sicut
1350 327 1396 373 in
1419 327 1612 391 quodam
1638 326 1754 375 libro

388 399 624 463 Sapientiae
647 399 858 462 scriptum
879 410 965 456 est,
990 399 1068 445 ubi
1092 398 1468 461 contemptoribus
1491 398 1600 444 dicit
1624 416 1635 445 ε
1660 420 1680 442 <‹
1700 400 1755 445 Et

388 491 411 514 >2
431 487 509 529 ego
542 469 776 532 perditioni
803 478 957 515 vestrae
985 468 1266 532 superridebo
1278 469 1312 515 2.
1334 491 1354 511 ›>
1381 468 1460 514 Illa
1485 479 1627 514 autem
1663 486 1755 515 res-

388 541 622 604 ponsione,
646 557 733 604 qua
755 540 1002 603 petentibus
1030 540 1173 586 oleum
1205 539 1370 585 dictum
1396 549 1457 584 est
1481 557 1491 585 :
1516 561 1535 581 c<
1561 540 1625 585 Ne
1646 539 1756 585 forte

387 633 409 654 ›>
434 629 522 657 non
538 611 720 657 sufficiat
740 612 865 657 nobis
879 622 921 657 et
938 612 1063 657 vobis
1080 649 1091 668 ‚
1113 633 1133 653 ›>
1158 628 1244 656 non
1267 610 1558 673 desperanter,
1582 610 1655 656 sed
1675 610 1756 657 hu-

387 681 547 728 militer
564 681 732 728 dictum
757 693 830 728 est.
863 683 971 738 Quis
994 682 1107 727 enim
1129 681 1188 726 sic
1209 691 1447 743 praesumat
1463 680 1516 726 de
1530 680 1757 726 conscicn-

387 752 444 798 tia
459 769 551 808 sua,
569 763 617 798 ut
630 763 770 798 certus
787 753 840 798 sit
853 770 943 799 eam
957 753 1037 798 sibi
1057 752 1101 797 in
1115 751 1284 811 judicio
1307 751 1386 796 Dei
1405 768 1528 814 posse
1544 750 1752 808 sufficere,

386 823 466 869 nisi
489 823 1126 869 misericordesmisericorditer
1137 822 1337 882 judicet?
1357 841 1378 863 «
1399 825 1420 866 J
1426 822 1619 868 udicium
1641 822 1756 869 enim

385 916 407 937 »
431 895 520 940 sine
555 895 847 940 misericordia
870 895 958 951 illi,
989 894 1067 958 qui
1089 911 1178 939 non
1207 893 1307 939 fecit
1328 891 1714 955 misericordiamf’.
1736 914 1756 934 >2

386 968 499 1027 Ipsae
523 976 665 1010 autem
683 976 782 1011 sunt
800 964 1021 1027 lampades
1040 981 1249 1019 accemae,
1272 980 1405 1027 opera
1424 963 1587 1009 scilicet
1609 963 1726 1009 bona
1742 1000 1753 1018 ‚

379 1035 433 1080 de
457 1036 618 1097 quibus
644 1036 861 1081 Dominus
885 1035 993 1080 dicit
1017 1052 1026 1079 :
1057 1056 1077 1076 «
1103 1036 1297 1080 Luceant
1329 1035 1446 1080 bona
1469 1050 1600 1097 opera
1619 1044 1758 1080 vestra

384 1126 406 1147 »
425 1122 571 1151 coram
604 1106 858 1151 hominibus
877 1142 887 1161 ‚
915 1116 955 1151 et
983 1105 1225 1165 glorificent
1250 1107 1422 1151 Patrem
1457 1116 1646 1151 vestrum
1681 1104 1758 1167 qui

382 1196 404 1218 2>
427 1177 472 1222 in
496 1176 619 1221 coelis
638 1175 745 1222 est&
768 1197 788 1217 ›>
808 1176 908 1221 Huc
926 1192 1060 1238 usque
1088 1175 1307 1238 pertendit
1336 1176 1518 1222 intentio
1539 1175 1757 1235 virginum

381 1247 640 1310 sapientium
658 1283 669 1302 ,
698 1257 745 1292 ut
760 1246 857 1291 ideo
878 1246 1011 1292 velint
1030 1246 1166 1292 videri
1186 1247 1242 1291 ab
1256 1245 1512 1292 hominibus
1528 1262 1659 1309 opera
1679 1261 1754 1292 sua

382 1317 501 1363 bona
517 1353 527 1373 ,
552 1334 639 1362 non
658 1334 746 1380 quo
768 1317 823 1362 ab
848 1317 905 1362 eis
930 1315 1162 1362 laudentur
1178 1317 1286 1379 ipsae
1305 1353 1315 1372 ‚
1339 1317 1412 1363 sed
1427 1327 1475 1363 ut
1492 1316 1757 1377 glorificetur

383 1389 526 1442 Deus,
554 1405 576 1431 a
599 1404 685 1450 quo
709 1387 792 1432 iltis
826 1397 888 1432 est
920 1387 1040 1450 quod
1073 1387 1182 1432 bene
1211 1398 1448 1450 operantur
1470 1404 1480 1432 ε
1504 1404 1554 1433 ac
1574 1404 1652 1450 per
1670 1387 1756 1433 hoc

379 1458 576 1503 interiori
602 1458 719 1504 bono
746 1458 960 1517 gaudent,
990 1457 1109 1521 quod
1139 1468 1201 1504 est
1225 1475 1372 1504 coram
1400 1463 1519 1514 Deo,
1549 1458 1628 1504 ubi
1645 1457 1758 1504 elee-

380 1545 562 1592 mosyna
584 1529 629 1574 in
653 1529 824 1575 occulto
844 1566 854 1583 ,
880 1540 928 1574 ut
956 1530 1099 1583 Pater,
1127 1529 1202 1592 qui
1228 1528 1345 1575 videt
1368 1529 1414 1575 in
1432 1528 1628 1585 occulto,
1655 1527 1757 1575 red-

381 1597 471 1644 dat.
501 1600 553 1643 Et
581 1598 678 1644 ideo
708 1616 794 1644 non
817 1598 1029 1644 deficiunt
1047 1598 1296 1662 lampades,
1324 1599 1428 1662 quia
1452 1599 1647 1645 interiori
1665 1599 1759 1646 oleo

385 1679 654 1728 vegetantur,
677 1668 722 1713 id
741 1680 827 1725 est,
855 1669 1091 1714 intentione
1108 1669 1238 1715 bonae
1256 1669 1554 1726 conscientiae,
1576 1687 1660 1733 qua
1679 1686 1759 1716 co-

383 1755 476 1784 ram
494 1742 588 1784 Deo
610 1739 659 1783 sit
685 1739 729 1783 in
752 1742 841 1797 ejus
866 1738 1047 1798 gloriam
1065 1775 1077 1795 ,
1102 1739 1320 1802 quidquid
1341 1756 1484 1785 coram
1504 1740 1760 1807 hominibus

386 1809 433 1853 in
456 1808 583 1854 bonis
611 1810 816 1872 operibus
841 1809 973 1854 lucet.
994 1811 1051 1855 At
1066 1825 1166 1855 Vc-ro
1190 1809 1421 1855 stultarum
1437 1810 1655 1869 virginum
1673 1809 1760 1856 hoc

390 1878 532 1924 oleum
549 1896 636 1924 non
655 1896 798 1924 secum
822 1880 1093 1942 portantium
1109 1880 1320 1926 deficiunt
1337 1880 1580 1944 lampades,
1606 1880 1653 1927 id
1673 1891 1757 1938 est,

390 1966 478 1995 non
502 1960 824 2012 perseveranter
846 1950 961 1995 bona
987 1967 1118 2012 opera
1135 1950 1307 2006 lucent,
1336 1967 1437 1996 cum
1455 1950 1548 1996 laus
1567 1950 1759 1997 humana

384 2018 517 2066 fuerit
533 2020 773 2073 subtracta,
804 2030 984 2082 propter
1005 2036 1136 2082 quam
1158 2020 1231 2065 illa
1252 2019 1495 2076 faciebant,
1519 2020 1608 2066 huc
1626 2037 1760 2084 usque

392 2090 674 2136 intentionem
700 2107 820 2135 suam
850 2090 1134 2152 perducentes
1158 2100 1206 2136 ut
1219 2090 1466 2137 viderentur
1490 2091 1547 2136 ab
1567 2091 1760 2137 bomini·

393 2160 502 2216 bus,
531 2177 615 2205 non
648 2170 695 2205 ut
719 2159 1030 2220 glorificaretur
1055 2161 1199 2216 Pater,
1224 2161 1363 2224 quiin
1394 2161 1515 2206 coelis
1543 2171 1617 2209 est.
1649 2163 1763 2219 Quae

396 2230 579 2276 intentio
615 2230 813 2293 perennis
837 2241 898 2275 est
935 2230 1104 2289 gloriae,
1142 2248 1228 2294 qua
1269 2231 1391 2276 novit
1419 2232 1562 2277 anima
1594 2234 1684 2278 Deo
1719 2249 1762 2278 se

397 2300 553 2346 debere
578 2300 696 2364 quod
722 2301 955 2360 justificata
985 2312 1045 2346 est
1078 2301 1132 2346 ad
1162 2300 1358 2347 facienda
1386 2304 1502 2347 bona
1528 2320 1690 2365 opera,
1720 2312 1762 2348 et

396 2370 494 2416 idco
517 2372 560 2416 iu
585 2371 659 2416 illo
682 2389 769 2416 non
792 2371 837 2416 in
863 2389 903 2416 so
926 2371 1094 2416 laudari
1117 2383 1243 2418 amat.
1271 2371 1392 2417 Unde
1405 2372 1510 2418 alibi
1531 2373 1663 2420 homo
1683 2373 1762 2419 Dei

445 2481 455 2502 ¹
479 2481 598 2513 Manli.
629 2492 703 2521 xxv,
739 2493 771 2523 9.
801 2499 843 2505 -—-
873 2479 888 2501 2
916 2484 1005 2512 Prov.
1028 2490 1048 2519 ι,
1068 2482 1120 2513 26.
1151 2500 1189 2506 —
1212 2478 1225 2503 3
1250 2481 1364 2513 Jacob.
1395 2493 1441 2525 11,
1470 2484 1520 2515 13.
1540 2501 1584 2507 —
1603 2479 1618 2504 ⁴
1640 2483 1759 2519 Mauh.

394 2545 427 2576 v,
463 2538 514 2569 16,
