1799 3251
322 280 398 343 74
728 292 762 324 s.
805 291 1049 324 Auensrmr
1081 291 1285 324 EPIScorl

315 377 403 425 qua
424 358 588 406 Christi
603 368 798 424 speratur
814 359 1050 407 adventus:
1077 360 1151 406 sed
1170 370 1317 405 tamen
1337 359 1440 407 alias
1460 359 1686 426 sapientes3

315 432 418 477 alias
447 430 599 477 stultas
618 467 628 485 ‚
664 430 783 493 quod
809 430 1021 493 sapientes
1061 430 1203 476 oleum
1229 442 1489 494 acceperunt
1512 433 1558 478 in
1580 433 1691 480 vasis

318 502 422 557 suis,
443 501 587 546 stultae
604 510 748 546 autem
774 500 861 545 1100
880 517 966 546 non
990 500 1187 546 ferebant
1203 517 1350 546 secum
1379 519 1389 546 ε
1416 501 1461 547 in
1477 513 1562 548 tam
1579 502 1689 549 mul·

318 571 370 616 tis
397 588 541 633 pares,
568 571 655 615 1100
690 569 779 615 solo
815 587 883 616 eas
922 570 1114 633 dispares
1146 569 1431 627 demonstrat,
1464 572 1552 618 hoc
1599 572 1689 618 solo

319 642 485 688 diversa
522 641 579 686 eis
598 650 639 686 et
662 641 877 686 contraria
904 642 1081 687 nomina
1104 641 1304 705 imponit.

382 712 621 759 LXXXIV.
652 712 770 769 Quid
793 713 907 759 enim
932 710 1020 759 tam
1042 717 1326 773 conjunctum
1345 731 1479 777 quam
1509 714 1693 775 virgines

318 795 359 831 et
381 784 583 844 virgines,
609 784 801 847 quinque
829 795 869 829 et
890 786 1083 848 quinque
1101 784 1380 847 lampadibus
1400 795 1582 841 ornatae,
1606 785 1692 831 ob—

317 856 430 902 viam
453 871 609 918 sponso
631 865 778 900 euntes
807 866 847 900 et
868 855 960 901 istae
977 865 1019 900 et
1048 855 1162 901 illae?
1188 856 1242 900 Et
1271 855 1380 919 quid
1406 866 1494 901 tam
1515 866 1694 902 contra-

315 926 429 972 rium
446 942 578 988 quam
599 925 811 987 sapientes
829 936 870 971 et
884 925 1060 971 stultae?
1077 924 1278 971 videlicet
1297 925 1415 989 quod
1437 926 1529 971 istae
1551 925 1695 971 oleum

316 997 362 1043 in
385 996 513 1052 vasis,
560 995 647 1041 hoe
680 1006 758 1052 est,
787 996 1114 1056 intelligentiam
1149 996 1298 1056 gratiae
1333 996 1412 1042 Dei
1449 1006 1626 1060 portant
1649 996 1696 1042 in

316 1065 524 1112 cordibus
552 1065 655 1120 suis,
700 1066 880 1111 scientes
904 1066 1023 1129 quod
1059 1082 1186 1111 nemo
1211 1066 1346 1128 possit
1368 1082 1453 1111 esse
1470 1066 1696 1111 continens

316 1136 397 1181 nisi
423 1138 538 1181 Deus
562 1134 635 1180 det
658 1134 696 1191 1,
716 1146 756 1181 et
775 1136 859 1181 1100
878 1137 1022 1198 ipsum
1041 1136 1265 1199 sapientias
1282 1134 1564 1199 deputantes,
1588 1131 1696 1181 scire

313 1206 537 1266 cujushoc
564 1205 730 1251 donum
761 1207 813 1252 sit
836 1224 846 1251 ε
877 1207 964 1252 illae
991 1217 1136 1252 autem
1167 1206 1364 1266 largitori
1390 1206 1586 1252 omnium
1612 1205 1696 1251 bo-

316 1293 471 1322 norum
488 1277 644 1335 gratias
663 1293 750 1322 non
770 1288 960 1337 agentes,
978 1287 1247 1322 evanuerunt
1263 1277 1308 1322 in
1325 1276 1698 1337 cogitantionibus

324 1347 410 1392 suis
425 1347 461 1402 2,
491 1357 532 1391 et
558 1347 839 1392 obscuratum
866 1358 928 1392 est
948 1347 1153 1410 insipiens
1167 1364 1242 1393 cor
1258 1363 1426 1403 earum,
1446 1346 1636 1392 dieentes
1655 1362 1698 1392 se

323 1434 409 1462 esse
425 1416 639 1479 sapientes
661 1417 804 1462 stultae
836 1417 961 1463 faetae
993 1421 1124 1463 sunt?
1148 1418 1210 1462 De
1248 1418 1410 1480 quibus
1448 1433 1547 1462 sane
1576 1416 1697 1462 nullo

319 1486 452 1532 modo
478 1504 595 1532 nunc
612 1486 930 1549 desperandum
949 1498 1027 1541 est,
1049 1498 1278 1551 antequam
1300 1487 1582 1534 dormiamus.
1613 1486 1699 1532 Sed

318 1557 353 1602 si
371 1557 429 1602 ita
447 1556 721 1613 dormierint,
740 1574 840 1603 cum
855 1558 993 1604 factus
1009 1558 1140 1604 fuerit
1157 1558 1425 1614 clamorille,
1446 1575 1534 1622 quo
1556 1557 1699 1603 adesse

314 1630 407 1686 jam
432 1627 707 1673 nuntiabitur
730 1645 912 1690 sponsus
938 1639 979 1674 et
1001 1629 1268 1689 evigilantes,
1294 1629 1382 1674 hoc
1401 1639 1463 1674 est
1481 1645 1700 1689 resurgen-

322 1707 381 1741 tes
404 1698 683 1742 remanserint
707 1697 836 1743 foris:
878 1715 964 1743 non
985 1699 1087 1762 quia
1110 1699 1295 1758 virgines
1334 1716 1419 1744 non
1464 1709 1583 1754 sunt,
1626 1698 1700 1745 sed

321 1766 424 1829 quia
449 1766 683 1812 nescientes
701 1767 816 1813 unde
836 1768 1028 1813 habeant
1046 1769 1164 1832 quod
1189 1780 1316 1826 sunt,
1343 1769 1486 1815 stultae
1515 1769 1701 1829 virgines

322 1847 422 1882 sunt
442 1837 680 1899 meritoque
704 1838 807 1884 foris
830 1850 972 1895 erunt,
999 1841 1100 1904 quia
1124 1841 1306 1887 internae
1326 1841 1528 1886 affectum
1547 1841 1698 1901 gratias·

320 1924 408 1952 non
431 1923 576 1952 secum
600 1907 755 1955 ferunt.

386 1978 602 2024 LXXXV.
637 1979 825 2034 Quando
864 1980 966 2025 tales
992 1997 1090 2040 ergo
1109 1982 1334 2044 repereris,
1369 1999 1457 2028 non
1480 1982 1562 2029 tibi
1600 1999 1702 2046 pera

321 2047 527 2094 suadeant
547 2047 798 2095 inanitatem
828 2068 1029 2097 vasorum
1053 2069 1247 2110 suorum,
1276 2053 1349 2099 sed
1372 2056 1438 2112 'stu
1465 2053 1524 2099 eis
1555 2054 1702 2118 potius

324 2118 657 2182 plenitudinem.
689 2121 813 2167 Unde
848 2122 907 2167 ait
945 2123 1178 2186 Apostolus
1204 2141 1253 2169 ια
1275 2124 1483 2188 Quisquis
1508 2141 1549 2170 se
1571 2134 1700 2188 putat

324 2189 488 2253 aliquid
504 2189 627 2246 scire,
650 2192 847 2237 nondum
863 2193 942 2238 scit
958 2194 1329 2256 quemadmodum
1341 2205 1515 2258 oportet
1532 2195 1652 2242 scire.
1679 2215 1701 2237 ›>

322 2261 379 2306 Et
397 2277 492 2305 mox
516 2261 742 2307 ostendens
764 2263 840 2327 qui
860 2263 1014 2309 dixerit
1037 2282 1047 2309 ε
1078 2265 1320 2329 «Quisquis
1341 2277 1483 2312 autem
1499 2303 1509 2322 ‚
1534 2265 1695 2330 inquit,

326 2351 347 2372 2>
373 2330 514 2391 diligit
532 2333 776 2389 Deum‚hic
795 2335 993 2394 cognitus
1006 2345 1069 2380 est
1095 2336 1151 2380 ab
1173 2335 1248 2381 illo
1266 2336 1299 2383 ³.
1326 2357 1346 2379 >2
1375 2337 1464 2382 Nec
1478 2336 1538 2382 sic
1559 2335 1704 2382 dicere

321 2402 478 2459 voluit,
513 2404 719 2466 cognovit
756 2421 873 2460 eum,
915 2405 988 2457 sed
1021 2406 1240 2452 dicendo:
1266 2406 1513 2468 «Cognitus
1550 2417 1613 2452 est
1643 2406 1700 2452 ab

322 2473 437 2520 »illo
461 2495 480 2516 >³
503 2475 738 2538 expressius
759 2476 898 2522 voluit
928 2477 1232 2523 commendare
1248 2515 1259 2535 ,
1283 2478 1411 2524 etiam
1432 2478 1518 2524 hoc
1543 2477 1599 2523 ab
1624 2476 1700 2523 illo

323 2545 449 2591 nobis
467 2562 570 2602 esse,
598 2556 647 2591 ut
662 2563 761 2592 eum
787 2547 1031 2609 diligamus.
1065 2548 1265 2595 Charitas
1285 2548 1400 2595 enim
1426 2548 1506 2596 Dei
1531 2548 1703 2603 diffun÷

371 2626 382 2650 ¹
406 2629 479 2672 Sap.
492 2639 563 2670 vm,
581 2637 635 2664 21.
651 2648 692 2655 -—
713 2628 728 2652 2
747 2633 838 2663 Rom.
864 2643 891 2672 1,
907 2642 960 2673 οι,
976 2628 1245 2666 22.·-31C0r.
1259 2639 1328 2671 vm,
1345 2642 1378 2676 2,
1399 2634 1429 2664 3.
