1799 3251
548 298 760 339 Errsrott
797 306 890 340 cxr„
1361 292 1413 344 δι

51 386 73 414 >5
93 367 149 417 ab
174 388 223 418 eo
242 370 260 401 ¹
287 388 298 417 :
325 390 345 414 »
380 370 452 417 sed
480 373 583 436 quia
618 390 785 419 necesse
807 373 943 420 habet
977 374 1200 421 rationalis
1223 387 1421 422 creatura

50 441 355 505 obtemperans
380 442 472 487 Deo
494 479 505 498 ,
542 443 802 506 temporales
825 460 974 490 causas
1003 445 1057 491 ad
1080 457 1286 492 aeternam
1306 447 1422 492 veri-

49 521 178 558 tatem
205 511 379 568 referre,
401 512 488 559 sive
512 513 700 577 petendo
722 513 838 578 quod
857 532 955 575 erga
978 533 1019 561 se
1044 517 1136 573 fiat,
1166 517 1251 562 sive
1271 533 1423 562 eonsu-

48 580 176 628 lendo
197 582 304 646 quid
333 581 492 637 faeiat;
519 584 594 646 qui
621 584 721 647 pius
744 584 898 629 inentis
917 587 1094 632 affectus
1117 597 1177 632 est
1200 624 1211 643 ,
1247 597 1295 631 ut
1328 587 1421 649 ipsa

48 663 341 710 construatur,
368 671 456 699 nou
478 665 525 700 ut
551 656 665 700 Deus
685 655 937 703 instruatur.
969 657 1078 702 Nam
1105 667 1145 702 et
1178 657 1276 702 haec
1296 673 1423 719 quae-

47 722 148 769 dam
185 725 438 770 contestatio
473 725 694 771 rationalis
720 736 930 772 creaturae
956 737 1045 781 est,
1072 727 1193 790 quod
1225 743 1310 772 nou
1339 727 1422 772 sibi

46 793 141 856 ipsa
164 793 217 839 sit
241 794 407 840 bonum
427 811 514 858 quo
541 795 668 841 beata
695 796 770 840 fiat
789 832 799 851 ,
830 796 902 842 sed
927 796 1036 842 illud
1060 796 1420 843 incommutabile

47 866 171 923 cujus
185 863 520 927 participatione
543 865 672 910 etiam
700 866 870 928 sapiens
893 866 1092 914 efficitur.

111 936 248 981 LXX.
282 935 381 981 Sive
418 936 478 982 ita
508 937 674 984 dictum
701 948 788 993 est,
817 960 836 981 «
864 940 1208 985 Annuntiabitur
1234 939 1420 985 Domino

48 1005 297 1066 »generatio
316 1016 542 1063 ventura,›>
564 1025 613 1053 ac
642 1008 673 1053 si
698 1008 931 1065 diceretur,
958 1010 1146 1055 Domino
1162 1010 1422 1073 placebunt,

46 1077 121 1140 qui
142 1076 466 1122 annuntiabunt
483 1095 569 1123 non
588 1078 689 1132 sibi,
708 1089 757 1124 ut
772 1079 828 1124 ita
849 1079 902 1124 sit
927 1081 1116 1125 Domino
1142 1081 1415 1133 annuntiare,

44 1148 156 1193 sicut
175 1157 235 1193 est
261 1147 449 1193 Domino
469 1148 624 1196 vivere.
657 1148 727 1195 Sic
761 1149 929 1196 dictum
955 1161 1044 1206 est,
1070 1151 1197 1206 «Qui
1229 1150 1419 1196 mandu-

46 1238 67 1259 »
87 1227 181 1273 cat,
208 1218 400 1263 Domino
432 1219 670 1265 manducat
694 1237 704 1264 ε
735 1230 774 1265 et
797 1220 871 1283 qui
902 1237 989 1266 non
1016 1220 1281 1276 manducat,
1325 1223 1418 1265 Do-

46 1308 67 1331 »
84 1289 203 1334 mino
236 1306 323 1334 non
346 1289 631 1338 manducat2.
657 1312 676 1334 >J
715 1290 780 1336 Ad
806 1292 891 1337 hoc
913 1292 1079 1355 quippe
1110 1291 1302 1340 addidit.
1323 1313 1341 1333 α
1365 1293 1417 1338 Et

46 1379 66 1400 >2
85 1360 243 1418 gratias
268 1359 355 1420 agit
372 1361 511 1420 Deo‚›>
535 1370 585 1407 ut
604 1360 902 1407 ostenderetur
923 1361 1032 1424 quid
1051 1373 1172 1418 esset,
1190 1383 1209 1403 c<
1231 1362 1418 1408 Domino

45 1428 201 1487 »facit‚
223 1451 243 1472 >³
267 1430 310 1476 id
331 1441 422 1487 est,
456 1431 501 1476 in
527 1434 617 1490 eJ'us
635 1430 807 1477 laudem
832 1430 950 1478 facit.
980 1432 1106 1477 Tunc
1129 1432 1241 1477 enim
1268 1442 1381 1478 recte
1403 1469 1414 1486 ‚

45 1510 149 1546 tunc
170 1504 285 1560 juste
305 1538 315 1558 ,
356 1512 459 1547 tune
486 1501 555 1564 pie
578 1501 644 1557 fit,
673 1517 773 1546 cum
799 1518 909 1564 opus
933 1501 1098 1547 bonum
1130 1501 1175 1547 in
1199 1505 1290 1562 ejus
1322 1502 1415 1547 lau-

45 1569 143 1616 dem
165 1572 237 1627 fit,
265 1574 390 1632 cujus
413 1572 550 1631 gratia
572 1570 760 1617 donatur
780 1582 829 1616 ut
853 1571 945 1619 fiat.
973 1573 1035 1618 Ac
1048 1588 1128 1635 per
1147 1572 1232 1617 hoc
1253 1572 1418 1617 etiamsi

44 1656 93 1685 eo
116 1641 247 1687 modo
265 1641 483 1705 quispiam
502 1641 600 1687 haec
624 1642 756 1688 verba
782 1641 1015 1701 intelligere
1036 1641 1165 1697 velit,
1197 1653 1244 1687 ut
1268 1659 1415 1687 eorum

44 1710 120 1758 iste
139 1712 247 1759 ordo
263 1713 316 1758 sit
334 1729 344 1758 ι
361 1734 381 1754 «
393 1712 742 1758 Annuntiabitur
762 1712 949 1758 Domino
963 1713 1178 1772 generatio
1191 1723 1386 1768 ventura,
1399 1737 1416 1754 υ

44 1781 89 1828 id
113 1794 192 1840 est,
212 1801 259 1829 ea
284 1783 501 1844 generatio
520 1782 852 1828 annuntiabitur
872 1820 882 1838 ,
904 1799 1005 1846 quae
1025 1783 1211 1828 Domino
1236 1795 1416 1829 ventura

44 1863 122 1909 est,
146 1854 360 1913 generatio
385 1853 549 1899 scilicet
574 1853 748 1917 piorum
770 1863 900 1916 atque
918 1862 1183 1909 sanctorum,
1205 1853 1305 1916 quia
1330 1854 1416 1898 ini-

44 1925 214 1987 piorum
232 1924 276 1971 et
299 1924 602 1970 sceleratorum
628 1922 844 1984 generatio
869 1939 956 1968 non
982 1923 1168 1968 Domino
1192 1960 1203 1979 ,
1238 1923 1310 1968 sed
1332 1924 1415 1969 sibi

44 2005 225 2041 ventura
254 2006 315 2041 est
342 2013 352 2041 :
379 1995 433 2041 ab
460 1993 606 2042 eadem
627 1993 942 2054 significatione
962 2011 1048 2039 non
1073 1992 1310 2050 receditur,
1329 2011 1413 2056 qua

44 2065 307 2126 intelligatur
326 2065 481 2112 animae
504 2064 785 2129 participatio
808 2063 854 2109 in
876 2062 1071 2127 idipsum
1087 2100 1098 2120 ,
1126 2063 1171 2109 id
1195 2074 1255 2109 est
1284 2065 1415 2109 ratio-

45 2135 184 2182 nalem
204 2145 445 2182 creaturam
464 2173 475 2193 ,
506 2152 606 2182 cum
638 2134 692 2179 sit
727 2133 967 2189 mutabiliS‚
995 2150 1080 2179 non
1120 2134 1213 2179 fieri
1238 2134 1410 2179 beatam

44 2206 121 2252 nisi
153 2225 175 2252 a
207 2207 388 2270 proprio
413 2222 489 2252 suo
519 2204 719 2250 mutabili
754 2204 805 2249 ad
829 2203 1190 2249 incommutabile
1210 2204 1374 2249 bonum
1402 2241 1411 2252 ,

43 2277 245 2341 idemque
275 2294 504 2322 commune
538 2275 659 2339 quod
699 2275 814 2320 Deus
839 2284 928 2328 est,
958 2290 981 2318 a
1004 2289 1092 2336 quo
1116 2274 1302 2336 superba
1326 2274 1413 2319 ini-

44 2348 202 2412 pietate
220 2347 400 2402 abstitit,
425 2346 586 2392 humili
609 2345 765 2408 pietate
785 2360 990 2390 conversa
1016 2343 1233 2389 subsistat.
1260 2344 1310 2388 In
1327 2361 1414 2407 quo

45 2419 199 2464 affectu
220 2418 469 2482 proficiens,
490 2414 707 2480 quidquid
725 2415 830 2461 boni
845 2414 967 2470 facit,
988 2413 1171 2459 Domino
1189 2412 1311 2470 facit,
1330 2415 1414 2459 hoc

45 2499 105 2535 est
124 2488 274 2548 in'ejus
291 2487 482 2543 laudem,
505 2490 629 2546 cujus
645 2486 824 2546 gratiam
844 2484 1042 2548 percepit
1060 2483 1251 2530 utfaciat
1270 2504 1281 2538 3
1299 2484 1414 2530 unde

95 2597 102 2618 ¹
121 2595 293 2635 Martha-1,
315 2597 348 2631 8.
366 2614 406 2621 -
420 2594 436 2617 2
453 2598 545 2629 Rom.
565 2606 629 2634 xiv,
645 2596 674 2625 6.
