1799 3251
584 304 792 334 EPlSTOLA
833 304 978 334 cmxvi.
1388 289 1480 350 329

109 368 312 422 morasti,
347 385 401 414 ne
422 369 609 433 aliquam
640 371 900 433 praeterires,
938 370 1013 415 ubi
1041 370 1093 415 de
1131 370 1213 415 hac
1243 371 1484 432 quaestione

110 439 660 504 interrogantirescripsisti
680 440 887 499 religiosae
913 440 1131 485 memoriae
1146 440 1256 494 vim,
1273 440 1486 502 nobisque

110 509 156 554 in
175 508 341 554 Christi
360 509 572 555 charitate
606 510 848 570 gratissimo
886 509 1137 555 Marcellino
1158 546 1168 562 ,
1193 508 1314 572 quod
1341 510 1483 554 anima

109 578 163 624 sit
177 595 278 641 pars
307 578 400 624 Dei.
423 580 591 635 Primo,
617 580 718 644 quia
749 596 835 644 non
857 578 910 624 de
941 579 1241 624 incarnatione
1277 582 1386 638 ejus,
1413 577 1484 623 sed

111 648 165 694 de
187 659 342 693 natura
361 650 591 711 quaeritur,
612 667 710 695 cum
727 649 813 695 hoc
835 649 1061 711 quaeritur.
1091 648 1257 693 Deinde
1271 650 1373 712 quia
1395 648 1483 693 hoc

111 718 301 763 sentiunt
324 718 387 763 illi
406 730 556 765 contra
582 736 690 782 quos
716 720 913 779 agebam,
939 729 979 762 et
1012 718 1055 763 id
1079 718 1259 763 maxime
1281 718 1480 777 agebam,

112 799 161 834 ut
199 788 415 834 Creatoris
453 789 767 853 inculpabilem
813 787 1196 851 inviolabilemque
1232 798 1429 832 naturam
1467 804 1489 831 a

113 869 322 904 creaturae
340 859 456 904 vitiis
491 870 532 904 et
551 859 648 904 labe
668 875 948 913 secernerem,
976 874 1076 903 cum
1112 857 1176 902 illi
1203 875 1225 902 a
1247 857 1490 902 substantia

113 927 234 983 mali,
271 928 342 974 cni
375 930 603 992 proprium
632 928 902 991 principium
934 928 1241 990 principesque
1268 926 1487 977 tribuunt,

113 998 252 1061 ipsam
274 998 380 1043 boni
396 1000 473 1044 Dei
491 999 774 1044 substantiam
793 1016 841 1043 ex
863 1009 1001 1061 parte,
1025 1013 1111 1059 qua
1133 1007 1263 1059 capta
1287 1007 1366 1051 est,
1392 1012 1489 1040 cor-

114 1078 290 1131 ruptam
322 1079 362 1113 et
387 1086 655 1132 oppressam,
678 1080 719 1115 et
741 1069 793 1114 ad
815 1067 1027 1132 peccandi
1058 1068 1349 1112 necessitatem
1387 1083 1492 1129 per-

117 1138 294 1185 ductam
327 1156 412 1185 esse
439 1140 718 1186 contendant.
769 1140 864 1185 Hoc
902 1139 1046 1202 itaque
1070 1148 1247 1200 excepto
1278 1137 1494 1182 haereticae

118 1209 336 1272 opinionis
366 1227 526 1265 errore,
552 1227 598 1255 ex
627 1220 817 1273 quatuor
842 1209 1016 1272 reliquis
1052 1208 1333 1271 opinionibus
1368 1223 1494 1271 quae-

117 1297 217 1325 nam
246 1279 300 1325 sit
321 1279 514 1340 eligenda
543 1281 650 1326 scire
685 1280 894 1327 desidero.
938 1280 1239 1341 Quaecumque
1272 1278 1385 1323 enim
1409 1278 1490 1322 eli-

120 1349 258 1410 genda
281 1362 362 1405 est,
398 1351 511 1396 absit
544 1362 592 1395 ut
627 1351 857 1413 impugnet
883 1350 1000 1395 hanc
1019 1348 1168 1402 fidem,
1197 1348 1250 1393 de
1277 1365 1364 1411 qua
1390 1347 1497 1393 certi

121 1437 285 1475 sumus.
318 1421 437 1466 omni
475 1421 631 1466 animae
658 1421 785 1465 etiam
806 1419 979 1482 parvuli
1000 1418 1178 1464 infantis
1213 1418 1493 1463 necessariam

121 1507 207 1536 esse
228 1489 527 1536 liberationem
550 1508 596 1536 ex
618 1490 883 1550 obligatione
903 1489 1088 1553 peccati,
1129 1505 1308 1551 eamque
1334 1487 1499 1533 nullam

123 1578 208 1609 esse
228 1561 309 1606 nisi
327 1578 405 1624 per
423 1565 568 1607 Jesum
589 1562 835 1616 Christum,
860 1574 901 1606 et
917 1561 1037 1606 hunc
1063 1560 1333 1606 crucifixum.

187 1631 310 1678 Vlll.
349 1631 536 1677 Proinde
570 1650 623 1677 ne
644 1632 819 1691 longum
847 1631 1069 1681 faciamus,
1096 1631 1183 1675 hoc
1208 1642 1321 1676 certe
1351 1629 1497 1678 sentis.

124 1702 244 1766 quod
275 1703 460 1762 singulas
481 1703 643 1747 animas
680 1702 860 1762 singulis
895 1702 1174 1747 nascentibus
1199 1702 1328 1746 etiam
1370 1699 1503 1745 modo

130 1774 243 1819 Deus
270 1773 416 1819 faciat.
448 1773 531 1819 Cui
557 1773 778 1818 sentcntiae
816 1791 869 1819 ne
914 1773 1173 1833 objiciatur,
1202 1771 1319 1835 quod
1356 1787 1504 1816 omnes

127 1853 346 1888 creaturas
371 1854 486 1888 sexto
505 1844 574 1888 die
604 1843 970 1888 consummaverit
1000 1843 1126 1898 Deus,
1170 1852 1210 1887 et
1235 1841 1416 1905 septimo
1439 1840 1508 1885 die

130 1913 404 1976 requieverit,
428 1913 610 1958 adhibes
643 1913 938 1958 testimonium
960 1929 1007 1957 ex
1051 1912 1284 1971 Evangelio
1305 1928 1315 1956 :
1341 1933 1359 1951 «
1381 1912 1509 1955 Pater

130 2005 152 2026 >2
176 2000 293 2030 meus
314 2000 447 2047 usque
461 2000 577 2029 nunc
595 1994 800 2046 operatur
820 1983 851 2028 1.
876 2006 894 2024 »
914 1983 984 2028 Sic
999 1983 1111 2027 enim
1132 1983 1184 2028 ad
1207 1981 1508 2027 Marcellinum

130 2055 337 2118 scripsisti
360 2055 430 2101 :in
451 2073 536 2119 qua
563 2054 740 2117 epistola
760 2055 777 2083 2
798 2055 927 2100 etiam
946 2055 1030 2099 mei
1058 2054 1512 2099 commemorationem

131 2125 534 2171 benevolentissime
558 2125 698 2170 facere
715 2124 918 2184 dignatus
932 2141 990 2180 es,
1011 2124 1130 2187 quod
1153 2124 1226 2169 hic
1247 2140 1313 2168 me
1331 2122 1513 2168 haberet

131 2196 177 2241 in
196 2194 360 2249 Africa,
384 2196 459 2259 qui
483 2197 521 2240 ei
545 2195 682 2258 ipsam
704 2194 874 2240 facilius
906 2211 1073 2257 possem
1096 2193 1310 2256 explicare
1336 2204 1511 2237 senten-

135 2265 255 2310 tiam.
288 2265 418 2321 Quod
444 2265 478 2310 si
500 2265 754 2328 potuissem,
777 2281 863 2309 non
894 2264 964 2309 ille
996 2263 1084 2309 hoc
1109 2265 1184 2308 abs
1201 2274 1242 2308 te
1270 2273 1356 2307 tam
1389 2262 1514 2320 longe

135 2335 279 2399 posito
305 2335 562 2398 inquireret3
582 2335 615 2380 si
631 2346 774 2379 tamen
792 2334 836 2379 id
858 2334 938 2379 tibi
962 2351 1007 2378 ex
1028 2332 1174 2378 Africa
1193 2331 1380 2395 scripsit.
1408 2331 1516 2377 Nam

137 2405 317 2469 quando
344 2406 563 2469 scripserit
580 2405 723 2450 nescio
742 2442 753 2459 ‚
773 2415 944 2449 tantum
965 2404 1054 2449 scio
1077 2403 1194 2466 quod
1214 2402 1268 2448 de
1301 2403 1387 2448 hoc
1405 2402 1518 2446 bene

140 2476 394 2535 cognoverit
416 2475 737 2521 cunctationem
764 2491 902 2519 meam
934 2491 944 2518 ε
973 2473 1088 2519 unde
1105 2490 1172 2518 me
1193 2472 1442 2518 inconsulto
1456 2470 1525 2516 fa-

142 2562 237 2591 cere
257 2545 406 2594 voluit.
450 2547 713 2608 Quanquam
750 2544 881 2590 etiam
903 2546 936 2591 si
961 2544 1222 2599 consuleret,
1251 2544 1384 2603 magis
1415 2542 1520 2587 hor-

192 2630 202 2652 ¹
222 2632 315 2663 Joan.
332 2643 363 2672 v,
390 2643 440 2671 17.
455 2649 498 2655 —·
515 2633 620 2672 Supra
643 2629 738 2671 epist.
761 2630 837 2661 165.
