1799 3251
544 302 758 335 ErisroLA
795 305 970 335 crxxlx.
1374 292 1468 350 415

94 370 151 416 ris
171 367 404 430 Evangelio
419 370 685 426 continetur,
706 380 747 415 et
769 370 1013 433 apostolicis
1035 372 1306 418 sermonibus
1325 371 1467 418 decla-

93 451 229 496 ratur,
257 439 299 486 id
329 450 408 497 est,
435 457 536 486 cum
566 440 861 487 invenirentur
887 452 1035 486 contra
1068 443 1142 488 Dei
1168 443 1349 503 gratiam
1374 442 1466 488 dis-

94 523 264 574 putare,
284 522 462 574 propter
479 528 608 574 quam
635 510 871 556 Christiani
889 528 1054 561 sumus,
1077 523 1118 556 ct
1141 512 1185 558 in
1209 529 1296 576 qua
1310 512 1467 575 spiritu

93 598 140 626 ex
162 581 248 627 fide
263 598 381 644 spem
401 582 585 642 J‘ustitiae
601 591 893 643 expectamus,
918 592 959 626 et
981 582 1356 627 admonitionibus
1371 599 1467 627 nos-

93 651 169 696 tris
203 652 444 714 inciperent
475 650 712 705 emendari,
751 650 966 695 dederunt
998 652 1105 696 mihi
1131 652 1314 706 librum,
1337 668 1468 714 quem

93 720 280 780 ejusdem
308 721 471 780 Pelagii
510 738 596 766 esse
621 719 837 775 dixerunt,
868 731 1066 779 rogantes
1087 730 1135 765 ut
1151 721 1186 765 ei
1210 720 1358 782 potius
1378 737 1469 765 res-

91 791 357 854 ponderem:
386 791 505 854 quod
536 802 818 854 posteaquam
846 792 938 836 vidi
966 809 1031 836 mc
1057 791 1195 836 facere
1218 785 1390 842 debere,
1420 800 1469 835 ut

92 879 142 907 eo
163 862 292 908 modo
308 879 426 907 error
445 863 535 925 ipse
564 862 749 907 nefarius
768 862 819 906 de
847 861 1054 906 cordibus
1073 878 1219 906 eorum
1236 859 1468 923 perfectius

94 932 348 987 auferretur,
376 932 458 991 legi
481 943 611 994 atque
635 932 855 994 respondi.

158 1004 240 1047 Ill.
284 1004 332 1047 ln
363 1003 449 1047 hoc
481 1002 595 1047 libro
619 1001 691 1046 ille
719 1002 793 1047 Dei
824 1002 1002 1060 gratiam
1042 1019 1128 1046 non
1165 999 1357 1063 appellat
1387 999 1468 1044 nisi

91 1082 290 1118 naturam
313 1109 322 1127 ,
347 1089 434 1135 qua
461 1072 600 1117 libero
622 1072 801 1117 arbitrio
824 1072 989 1116 conditi
1014 1089 1174 1117 sumus,
1201 1071 1323 1115 lllam
1345 1086 1467 1126 vero,

91 1159 224 1206 quam
245 1142 638 1188 innumerabilibus
652 1143 903 1188 testimoniis
925 1153 1072 1187 sancta
1092 1142 1324 1204 Scriptura
1341 1157 1467 1186 com-

92 1212 268 1258 mendat
288 1250 298 1268 ,
326 1230 372 1258 ea
400 1230 478 1258 nos
496 1213 730 1272 Justificari
749 1250 760 1268 ,
788 1213 874 1258 hoc
906 1223 967 1257 est
986 1215 1125 1271 justos
1153 1211 1245 1257 fieri
1275 1210 1463 1265 docens,

92 1283 192 1328 etin
216 1283 335 1328 omni
364 1300 493 1345 opere
521 1283 639 1327 bono
661 1319 671 1338 ,
707 1283 794 1328 sive
823 1281 1020 1342 agendO,
1054 1282 1141 1327 sive
1167 1279 1434 1344 perficiendo
1452 1317 1464 1336 ,

94 1353 171 1399 Dei
196 1353 671 1412 misericordiajuvari3
693 1353 812 1416 quod
839 1353 964 1397 etiam
985 1352 1197 1397 orationes
1217 1361 1467 1396 sanctorum

93 1423 354 1486 apertissime
391 1423 653 1478 ostendunt,
692 1424 852 1485 quibus
884 1440 929 1467 ea
954 1433 1166 1485 petuntur
1193 1439 1215 1466 a
1236 1421 1423 1466 Domino
1451 1456 1462 1476 ,

92 1511 190 1556 quae
223 1493 548 1556 praecipiuntur
571 1511 593 1538 a
620 1494 809 1538 Domino
837 1510 847 1537 ε
890 1493 1005 1538 lianc
1038 1508 1138 1551 ergo
1169 1491 1349 1551 gratiam
1378 1507 1467 1535 non

93 1565 230 1609 solum
269 1574 407 1618 tacet,
435 1564 507 1609 sed
542 1564 576 1609 ei
617 1565 832 1609 contraria
866 1563 1001 1608 multa
1036 1562 1243 1626 loquitur.
1272 1560 1469 1607 Affirmat

92 1637 227 1689 enim,
253 1635 614 1697 vehementerque
638 1635 861 1680 contendit
881 1672 890 1689 ,
919 1651 997 1697 per
1020 1633 1157 1678 solum
1186 1633 1373 1678 liberum
1394 1649 1466 1676 ar-

93 1705 272 1750 bitrium
307 1704 391 1749 sibi
415 1704 654 1749 humanam
682 1704 876 1750 sufficere
898 1720 1023 1766 posse
1047 1713 1249 1748 naturam
1278 1700 1333 1746 ad
1356 1718 1466 1764 ope-

93 1774 498 1834 randamjustitiam
524 1784 565 1818 et
583 1774 727 1819 omnia
749 1775 825 1818 Dei
852 1772 1055 1818 mandata
1080 1770 1304 1817 servanda.
1342 1769 1467 1815 Unde

92 1846 189 1908 quis
211 1863 296 1890 non
320 1844 465 1889 videat
485 1881 494 1899 ‚
523 1861 621 1890 cum
643 1844 843 1890 eumdem
872 1844 1035 1889 librum
1056 1842 1231 1901 legerit,
1253 1840 1468 1903 quemad-

94 1915 272 1961 modum
293 1925 574 1978 oppugnetur
601 1915 739 1974 gratia
767 1914 846 1959 Dei
870 1950 880 1968 ,
910 1913 962 1958 de
987 1931 1070 1976 qua
1093 1912 1201 1957 dicit
1217 1910 1465 1974 Apostolus,

94 2007 112 2026 a
143 1986 269 2031 Miser
287 2002 365 2043 ego
402 1984 561 2039 homo,
586 1985 684 2047 quis
705 2001 772 2029 me
803 1983 1010 2029 liberabit
1035 1982 1088 2027 de
1112 1997 1297 2043 corpore
1319 1980 1470 2025 mortis

94 2076 114 2096 »
138 2055 300 2115 hujus?
323 2055 472 2100 Gratia
497 2053 577 2099 Dei
594 2071 673 2117 per
692 2053 927 2099 Dominum
944 2063 1140 2098 nostrum
1160 2051 1303 2095 Jesum
1320 2048 1469 2094 Chris-

95 2146 114 2166 »
132 2125 257 2170 tum1
286 2143 296 2170 :
319 2145 339 2165 n
363 2135 404 2168 et
424 2123 571 2169 nullus
595 2123 717 2169 locus
740 2122 890 2168 divino
919 2121 1139 2181 adjutorio
1172 2119 1467 2183 relinquatur,

93 2207 272 2259 propter
303 2194 422 2259 quod
445 2206 615 2240 orantes
639 2194 783 2241 dicere
828 2193 1064 2239 debeamus
1084 2229 1095 2248 ,
1139 2212 1159 2232 «
1179 2192 1244 2236 Ne
1281 2207 1360 2236 nos
1398 2190 1471 2235 in-

95 2289 115 2308 »
135 2266 245 2312 feras
277 2267 322 2312 in
362 2266 709 2311 tentationem?
734 2287 754 2307 n
794 2265 894 2310 Sine
934 2280 1062 2309 causa
1098 2262 1225 2307 etiam
1257 2260 1472 2306 Dominus

94 2336 289 2401 apostolo
309 2337 438 2381 Petro
463 2335 615 2381 dixisse
641 2336 839 2381 videatur
862 2372 872 2390 ,
899 2356 919 2376 «
942 2332 1112 2393 Rogavi
1143 2348 1225 2395 pro
1252 2341 1291 2376 te
1320 2348 1373 2376 ne
1389 2330 1470 2376 de-

94 2407 371 2453 »ficiatfides
396 2417 467 2452 tua
485 2406 500 2435 3
521 2444 531 2461 ,
560 2430 577 2447 υ
598 2407 630 2452 si
659 2407 743 2452 hoc
763 2417 901 2451 totum
930 2406 973 2450 in
1000 2403 1129 2449 nobis
1161 2401 1285 2448 nullo
1316 2401 1471 2448 auxilio

94 2478 193 2534 Dei,
221 2477 294 2523 sed
319 2487 535 2540 potestate
561 2477 797 2523 voluntatis
821 2475 1043 2538 impletur.

162 2549 234 2595 lv.
264 2549 339 2594 His
360 2549 507 2610 itaque
524 2547 898 2611 disputationibus
916 2545 1128 2609 perversis
1142 2555 1184 2591 et
1199 2543 1363 2607 impiis,
1383 2558 1473 2589 non

141 2632 151 2654 1
169 2634 262 2663 Rom.
279 2639 334 2669 vu,
359 2636 413 2666 14.
432 2647 478 2654 —
493 2628 508 2650 '²
526 2629 640 2661 Manli.
659 2641 702 2667 vv,
729 2633 779 2661 13.
800 2648 840 2653 —-
860 2628 874 2653 3
892 2632 966 2660 Luc.
984 2638 1068 2670 xxii,
1085 2630 1141 2661 32.
