1799 3251
311 257 403 302 258
733 275 767 301 5.
811 273 1056 303 Auens‘smi
1092 274 1291 304 EPiSCOPI

309 353 397 400 quo
431 335 520 382 solo
552 336 750 382 obstricti
783 347 984 383 tenentur
1008 338 1220 393 infantes,
1254 343 1345 399 jam
1374 339 1417 385 in
1444 341 1682 400 majoribus

313 407 516 453 aetatibus
539 424 586 452 ex
607 406 878 454 abundantia
903 408 1142 471 iniquitatis
1167 408 1334 468 adjecta
1354 421 1427 456 est.
1453 409 1538 455 Sed
1566 427 1682 473 quo-

310 475 426 522 niam
447 476 534 522 hoc
557 487 694 522 totum
712 514 722 534 ,
746 477 874 524 etiam
889 478 1008 542 quod
1029 496 1113 525 non
1134 479 1321 542 pertinet
1345 479 1400 525 ad
1417 480 1533 525 illius
1556 481 1684 526 unius

311 544 458 592 delicti
484 546 692 608 originem
709 585 720 604 ,
750 559 890 595 tamen
924 548 1080 595 idonea
1101 560 1162 595 est
1184 549 1347 596 solvere
1376 551 1514 610 gratia
1537 550 1683 598 Salva-

313 615 415 662 toris
445 636 456 670 ;
479 615 575 662 ideo
595 634 696 664 cum
721 618 917 677 dixisset,
939 640 958 662 α
986 619 1057 665 Sic
1079 629 1119 665 et
1132 620 1269 679 gratia
1290 631 1435 681 regnet
1459 638 1538 684 per
1561 621 1686 681 justi-

309 707 330 729 »
361 686 463 732 tiam
486 687 530 732 in
556 688 644 734 vita
669 699 828 735 aeterna
847 726 858 746 ,
881 711 899 731 ›>
924 689 1126 747 addidit,
1147 711 1167 732 «
1183 692 1267 736 Per
1283 691 1430 737 Jesum
1458 691 1685 737 Christum

314 778 335 799 ›>
351 758 590 804 Dominum
613 771 822 807 nostrum.
847 781 868 802 ›>

376 831 542 879 XVlIl.
585 832 757 878 Nullius
792 834 939 897 itaque
979 833 1371 892 argumentationes
1406 843 1557 879 contra
1589 833 1687 880 haec

313 900 549 965 apostolica
576 903 708 948 verba
733 903 912 966 prolatae
931 903 1394 967 impediantparvulos
1414 903 1468 949 ad
1484 903 1685 960 salutem,

310 989 411 1037 quae
436 983 497 1018 est
521 972 565 1018 iu
598 973 774 1020 Christo
807 974 908 1020 Jesu
938 975 1125 1020 Domino
1148 985 1312 1022 nostro.
1354 976 1530 1036 (Tanto
1555 975 1690 1034 magis

314 1042 426 1088 enim
459 1060 538 1105 pro
564 1044 620 1088 eis
643 1044 762 1108 loqui
801 1045 1008 1091 debemus
1029 1082 1039 1099 ,
1079 1057 1245 1109 quanto
1263 1046 1354 1124 'ipsi
1386 1063 1466 1108 pro
1496 1062 1539 1091 se
1569 1045 1690 1108 loqui

312 1130 396 1158 non
426 1114 646 1177 possunt.)
684 1136 703 1156 α
722 1116 804 1162 Per
833 1133 966 1163 unum
997 1117 1220 1163 hominen
1261 1117 1437 1163 intravit
1459 1127 1689 1179 peccatum

314 1204 334 1225 >2
356 1185 399 1229 in
431 1184 678 1239 mundum,
709 1197 750 1231 et
774 1204 851 1249 per
875 1198 1106 1250 peccatum
1145 1205 1287 1241 mms3
1316 1198 1357 1232 et
1384 1187 1443 1232 ita
1475 1187 1517 1232 in
1546 1203 1692 1232 omnes

316 1276 337 1296 2)
357 1254 552 1300 homines
572 1266 765 1319 peitiaiis
749 1258 834 1312 iit,
863 1257 907 1302 in
933 1275 1021 1320 quo
1046 1275 1192 1303 omnes
1211 1256 1552 1320 peccaterum1
1580 1278 1601 1298 »
1621 1256 1693 1300 Si-

317 1336 390 1372 cut
416 1327 469 1371 ab
499 1325 573 1371 illo
601 1344 685 1373 uno
709 1294 887 1374 homine
909 1364 919 1384 5
956 1331 1018 1374 sie
1043 1329 1097 1374 ab
1126 1328 1275 1374 eodem
1308 1339 1488 1391 peceato
1510 1327 1695 1374 infantes

316 1395 528 1441 immunes
548 1415 634 1442 esse
660 1416 746 1443 non
773 1409 982 1461 possunt,
1006 1399 1088 1444 nisi
1117 1400 1171 1444 ab
1192 1403 1283 1458 eJ'us
1299 1410 1420 1444 reatu
1437 1415 1516 1461 per
1531 1397 1697 1443 Christi

316 1464 587 1530 baptismum
613 1468 911 1519 resolvantur,
941 1491 959 1510 «
986 1470 1128 1532 Usque
1169 1471 1283 1515 enim
1324 1468 1375 1514 ad
1402 1471 1558 1528 Legem
1589 1484 1694 1531 pec-

319 1559 340 1581 »
364 1549 509 1583 catum
532 1539 575 1583 in
605 1539 766 1584 mundo
787 1539 870 1585 fuit
889 1540 923 1586 2.
953 1562 972 1582 »
999 1540 1215 1603 Nonquia
1237 1539 1441 1602 deinceps
1460 1540 1504 1584 in
1526 1539 1698 1584 nemine

317 1607 420 1664 fuit,
452 1609 537 1654 hoc
564 1609 729 1655 dietum
756 1622 816 1656 est
836 1648 845 1665 ‚
882 1611 953 1656 sed
980 1611 1080 1674 quia
1109 1628 1197 1655 non
1224 1621 1396 1674 poterat
1414 1626 1491 1673 per
1510 1609 1698 1655 litteram

324 1680 449 1740 Legis
483 1680 634 1726 auferri
657 1718 666 1736 ‚
706 1681 825 1744 quod
871 1681 960 1727 solo
1016 1692 1185 1744 poterat
1231 1681 1402 1744 Spiritu
1441 1681 1602 1740 gratiae.
1638 1681 1700 1725 Ne

323 1751 555 1814 quisquam
585 1769 684 1811 ergo
720 1751 856 1797 fidens
887 1751 939 1797 de
977 1752 1142 1797 viribus
1183 1769 1270 1797 non
1298 1751 1397 1797 dico
1428 1750 1663 1797 voluntatis
1686 1786 1697 1806 ‚

327 1820 399 1867 sed
425 1821 573 1884 potius
594 1822 795 1868 vanitatis
813 1840 926 1879 suae,
954 1833 1129 1886 putaret
1157 1822 1294 1869 libero
1334 1821 1515 1868 arbitrio
1546 1823 1703 1881 Legem

328 1893 517 1957 potuisse
542 1893 756 1949 sufficere,
785 1905 827 1940 et
853 1895 1017 1941 Christi
1045 1895 1227 1954 gratiam
1256 1892 1503 1947 derideret;
1529 1892 1625 1939 ideo
1646 1892 1704 1937 ait

332 1964 566 2028 Apostolus
584 2001 595 2021 ,
627 1987 645 2005 «
662 1965 804 2028 Usque
829 1966 940 2010 enim
966 1965 1022 2010 ad
1055 1965 1193 2025 legem
1219 1974 1448 2027 peccatum
1474 1964 1518 2009 in
1539 1962 1704 2009 mundo

335 2056 356 2077 »
374 2034 479 2091 fuit,
513 2045 742 2097 peceatum
777 2046 918 2080 autem
953 2053 1040 2080 non
1077 2034 1375 2097 deputabatur
1397 2051 1498 2080 cum
1523 2033 1587 2080 lex
1618 2050 1707 2079 nou

335 2127 356 2148 n
382 2115 499 2150 esset.
526 2127 544 2145 >2
565 2105 660 2150 Non
686 2104 791 2150 dixit
809 2143 819 2162 ,
845 2122 930 2151 non
953 2116 1071 2150 erat:
1096 2106 1211 2150 «Sed
1238 2122 1324 2150 non
1347 2104 1667 2168 deputabatur:
1687 2125 1706 2145 ›2

332 2174 436 2239 quia
460 2174 523 2220 lex
549 2192 633 2220 non
655 2187 744 2221 erat
762 2213 771 2230 ,
795 2193 880 2239 qua
907 2185 1108 2235 arguente
1131 2174 1517 2232 demonstraretur,
1541 2174 1627 2221 sive
1644 2174 1709 2220 lex

335 2245 511 2291 rationis
535 2245 576 2290 in
602 2245 785 2309 parvulo
804 2283 813 2301 ‚
839 2247 924 2292 sive
949 2245 1010 2291 lex
1031 2245 1187 2292 litterae
1212 2245 1256 2291 in
1276 2245 1456 2309 populo,

401 2317 525 2363 xm.
557 2338 576 2357 «
598 2315 681 2362 Sed
703 2317 921 2376 regnavit.
956 2316 1129 2378 inquit,
1161 2333 1280 2361 mors
1313 2317 1369 2361 ab
1403 2315 1542 2362 Adam
1576 2332 1710 2378 usque

338 2410 358 2430 »
386 2387 439 2432 ad
468 2387 696 2450 Moysmff,
719 2411 738 2429 ))
774 2388 876 2451 quia
905 2405 983 2433 nee
1008 2389 1092 2433 Lex
1126 2387 1226 2432 data
1249 2404 1328 2450 per
1359 2388 1540 2449 Moysen
1568 2386 1713 2450 potuit

334 2475 514 2518 regnum
539 2458 686 2504 mortis
711 2458 874 2505 auferre
894 2496 904 2515 ‚
927 2458 1047 2522 quod
1068 2457 1156 2504 sola
1171 2458 1336 2504 Christi
1356 2458 1536 2505 abstulit
1554 2459 1703 2518 gratia.

333 2530 388 2576 In
413 2545 522 2593 quos
546 2541 687 2575 autem
713 2530 951 2590 regnaverit
979 2528 1076 2576 vide
1099 2546 1109 2574 ε
1137 2550 1157 2570 «
1180 2529 1234 2575 Et
1258 2529 1303 2576 in
1323 2546 1392 2576 eos
1408 2566 1419 2587 ,
1442 2528 1608 2594 inquit,
1630 2527 1708 2595 qui

388 2615 508 2645 ΙΓιοιη,
530 2623 561 2655 v,
590 2625 638 2645 12.
654 2631 696 2638 —
711 2613 828 2648 ²1bid.
856 2615 906 2648 13.
921 2631 965 2636 —
982 2610 996 2635 ³
1015 2611 1097 2645 ibid.
1118 2619 1168 2651 14.
