1799 3251
562 304 773 334 EPISTOLA
810 305 992 335 cmxxv,
1369 295 1462 354 459

93 379 141 415 ut
161 368 373 423 redirent,
401 369 435 414 si
462 368 622 432 perditi
654 368 733 413 filii
768 373 1005 428 coegerunt
1043 370 1145 415 alios
1173 382 1219 416 ut
1253 372 1456 433 perirent.

94 439 440 496 Quamvisetiam
457 440 568 494 illos,
585 456 694 503 quos
707 456 795 484 non
809 444 1063 500 coegerunt,
1077 441 1147 486 sed
1164 443 1466 488 tantummodo

95 509 380 564 seduxerunt,
402 510 434 555 si
457 528 533 573 per
558 509 767 555 terribiles
782 546 792 562 ,
820 510 893 555 sed
918 510 1112 556 salubres
1134 511 1246 571 leges
1264 547 1274 565 ,
1307 511 1352 556 in
1373 516 1464 571 ejus

97 573 306 639 gremium
333 592 617 637 revocentur,
656 579 864 625 blandius
886 580 959 643 pia
988 591 1124 627 mater
1150 580 1427 644 amplectitur
1450 620 1462 638 ,

97 659 138 695 et
174 649 227 695 de
250 650 334 696 illis
360 650 497 696 multo
527 650 714 713 amplius
731 687 741 705 ,
780 667 914 713 quam
943 650 997 696 de
1018 651 1086 696 his
1106 669 1214 714 quos
1238 669 1463 715 nunquam

95 719 367 782 perdiderat,
399 720 655 780 gratulatur.
687 722 753 766 An
784 737 871 765 non
902 721 1091 783 pertinet
1120 722 1171 766 ad
1197 721 1461 781 diligentiam

93 790 352 853 pastoralem
373 827 383 846 ‚
408 792 538 836 etiam
561 790 655 835 illas
681 807 779 835 oves
795 827 805 846 ‚
831 806 931 853 quae
949 807 1037 835 non
1055 790 1264 835 violenter
1282 802 1460 853 ereptae,

92 859 165 906 sed
191 859 354 905 blande
386 860 625 923 leniterque
655 860 877 916 seductae,
914 878 937 905 a
972 877 1095 920 grege
1138 860 1462 915 aberraverint,

92 941 134 975 et
161 930 217 975 ab
240 930 388 976 alienis
413 931 626 994 coeperint
648 930 883 994 possideri,
903 930 1096 976 inventas
1116 929 1171 976 ad
1199 930 1310 975 ovile
1327 930 1465 976 domi-

92 1000 241 1045 nicum
259 1037 268 1054 ,
294 1000 327 1045 si
347 1001 537 1046 resistere
564 1000 805 1055 voluerint,
833 999 1104 1060 flagellorum
1123 1000 1374 1055 terroribus,
1398 1001 1464 1045 vel

92 1070 219 1115 etiam
253 1069 478 1115 doloribus
510 1087 711 1115 revocare
741 1088 751 1115 :
779 1071 1020 1133 praesertim
1048 1071 1254 1134 quoniam
1285 1072 1317 1115 si
1345 1071 1463 1133 apud

91 1139 296 1199 fugitivos
315 1158 459 1185 servos
477 1152 518 1185 et
536 1141 766 1204 praedones
783 1141 1076 1187 foecunditate
1090 1140 1437 1203 multiplicentur
1451 1177 1461 1194 ‚

92 1210 192 1272 plus
211 1210 339 1255 habet
361 1211 471 1270 juris
498 1211 616 1273 quod
639 1211 685 1256 in
712 1211 770 1256 eis
795 1210 1040 1257 dominicus
1061 1211 1287 1257 character
1306 1227 1463 1270 agnos-

93 1280 231 1333 citur3
255 1281 391 1343 quiin
413 1281 471 1326 eis
496 1298 604 1344 quos
629 1282 890 1343 suscipimus
913 1319 923 1336 ‚
955 1298 1035 1326 nec
1061 1292 1205 1327 tamen
1226 1281 1467 1344 rebaptiza-

92 1366 213 1407 mus,
240 1351 416 1395 minime
439 1351 662 1397 violatur?
706 1353 778 1397 Sic
816 1352 931 1397 enim
958 1369 1077 1397 error
1101 1351 1383 1410 corrigendus
1407 1363 1468 1396 est

94 1420 185 1465 ovis
203 1457 212 1474 ,
244 1432 290 1465 ut
310 1439 395 1466 non
423 1421 468 1466 in
493 1439 540 1466 ea
564 1432 874 1483 corrumpatur
899 1420 1169 1481 signaculum
1189 1421 1464 1483 Redempto-

88 1489 166 1551 ris.
205 1490 355 1554 Neque
387 1491 500 1536 enim
532 1491 565 1536 si
587 1491 818 1554 quisquam
862 1491 978 1550 regio
1018 1500 1232 1536 caractere
1257 1508 1278 1535 a
1303 1491 1470 1550 signato

94 1560 307 1607 desertore
327 1562 545 1622 signetur,
572 1572 612 1607 et
639 1562 860 1624 accipiant
880 1561 1216 1621 indulgentiam,
1244 1571 1372 1623 atque
1394 1560 1464 1606 ille

93 1631 240 1677 redeat
267 1631 321 1677 ad
359 1632 583 1686 militiam,
620 1631 691 1677 ille
724 1643 865 1678 autem
901 1649 986 1677 esse
1010 1632 1056 1676 in
1093 1631 1275 1686 militia,
1311 1631 1356 1675 in
1380 1648 1466 1693 qua

93 1701 289 1747 nondum
311 1713 431 1757 erat,
462 1702 648 1765 incipiat
667 1738 677 1757 ,
702 1701 748 1747 in
780 1701 926 1764 aliquo
960 1718 1111 1747 eorum
1145 1701 1372 1747 character
1396 1701 1466 1747 ille

93 1772 378 1828 rescinditur,
407 1789 456 1818 ac
491 1789 578 1817 non
614 1772 761 1835 potius
789 1772 834 1817 iu
870 1772 1088 1817 ambobus
1113 1772 1384 1831 agnoscitur,
1423 1782 1464 1816 et

95 1842 261 1888 honore
281 1842 430 1888 debito
451 1878 461 1898 ,
489 1844 694 1905 quoniam
727 1842 867 1903 regius
898 1852 983 1897 est,
1021 1841 1308 1905 approbatur.
1354 1841 1468 1897 Quia

94 1930 194 1973 ergo
230 1931 319 1959 non
352 1925 531 1976 possunt
554 1914 716 1959 malum
747 1931 831 1959 esse
862 1913 1083 1958 ostendere
1108 1929 1196 1976 quo
1222 1923 1466 1971 coguntur,

96 2000 174 2029 nec
187 1983 241 2028 ad
265 1984 431 2029 bonum
450 2001 490 2029 se
509 1984 601 2043 cogi
617 1994 816 2047 oportere
832 1982 1119 2028 contendunt.
1138 1981 1222 2028 Sed
1245 2000 1267 2026 a
1290 1982 1467 2027 Christo

96 2064 295 2099 coactum
331 2053 598 2099 ostendimus
631 2053 850 2099 Paulum:
876 2053 1074 2098 imitatur
1106 2052 1251 2114 itaque
1280 2051 1467 2097 Ecclesia

96 2124 141 2169 in
163 2123 252 2168 istis
270 2123 471 2183 cogendis
496 2123 733 2169 Dominum
757 2140 901 2179 suum,
917 2140 1017 2186 quae
1040 2122 1162 2185 prius
1181 2132 1229 2167 ut
1253 2122 1465 2167 neminem

97 2204 265 2254 cogeret
286 2194 551 2256 expectavit,
573 2204 621 2239 ut
644 2193 697 2239 de
717 2193 802 2239 fide
825 2210 975 2253 regum
999 2203 1126 2255 atque
1140 2191 1333 2251 gentium
1350 2209 1469 2254 prae-

98 2264 259 2310 dicatio
283 2264 543 2327 prophetica
563 2265 868 2328 compleretur.

162 2335 324 2381 XXIV.
353 2335 496 2379 Etiam
516 2334 622 2380 hinc
647 2335 762 2381 enim
790 2352 880 2380 non
905 2331 1091 2378 absurde
1113 2330 1369 2391 intelligitur
1397 2331 1471 2377 illa

100 2405 338 2469 apostolica
369 2406 605 2463 sententia,
642 2406 720 2451 ubi
744 2405 903 2452 Paulus
937 2404 1090 2449 beatus
1122 2401 1248 2458 dicit,
1287 2422 1307 2442 «
1326 2402 1471 2447 Parati

99 2499 120 2520 »
144 2477 294 2523 ulcisci
314 2494 484 2522 omnem
499 2477 837 2523 inobedientiam
855 2492 952 2521 cum
972 2473 1190 2537 completa
1204 2472 1335 2518 fuerit
1350 2473 1471 2536 prior

100 2568 121 2591 >2
139 2547 387 2594 obedientia
405 2546 584 2594 vestra1.
598 2568 617 2589 »
640 2547 766 2595 [nde
784 2557 825 2592 et
843 2546 934 2611 ipse
955 2544 1167 2602 Dominus
1194 2543 1250 2596 ad
1269 2559 1471 2604 magnam

149 2631 160 2655 ¹
183 2641 200 2661 2
219 2631 293 2662 Cor.
315 2641 345 2668 x,
361 2631 392 2661 6.
