1799 3251
320 316 412 372 442
740 329 772 359 S.
819 326 1063 359 Auensrmi
1097 327 1301 359 muscom

387 396 472 443 III.
505 397 756 456 Agnoscunt
786 394 1016 440 nobiscum
1041 393 1268 440 Christum
1301 393 1347 439 in
1371 409 1420 439 eo
1442 390 1564 458 quod
1584 391 1694 453 legi-

323 476 423 512 tur:
445 487 465 509 c<
490 466 713 513 Foderunt
732 482 884 511 manus
904 481 1018 510 meas
1053 475 1093 510 et
1110 463 1240 528 pedes
1277 480 1420 522 meos;
1446 463 1697 510 dinumera-

325 558 345 578 »
365 547 521 583 verunt
553 536 698 582 omnia
725 551 815 580 ossa
852 551 944 580 mea
975 551 986 579 ε
1018 535 1108 598 Ipsi
1134 551 1234 580 vero
1260 534 1641 581 consideraverunt
1655 543 1697 581 et

324 628 345 649 >³
371 615 684 670 conspexerunt
705 622 790 661 me,
835 604 1077 650 diviserunt
1119 604 1203 649 sibi
1240 604 1494 650 vestimenta
1516 620 1630 661 mea,
1655 614 1698 651 et

328 697 349 719 n
374 693 505 740 super
534 686 692 722 vestem
723 691 861 720 meam
894 674 1102 720 miserunt
1124 684 1280 719 sortem
1309 691 1359 719 ι»
1381 684 1424 720 et
1439 673 1596 720 nolunt
1620 688 1698 735 ag-

324 763 499 793 noscere
525 745 764 792 Ecclesiam
786 745 831 791 in
855 762 903 791 eo
925 745 1043 809 quod
1078 755 1178 808 post
1200 744 1431 808 paululum
1459 745 1655 810 sequitur
1680 758 1692 790 ε

328 837 348 858 «
374 816 848 863 Commemorabuntur
866 825 906 860 et
932 825 1238 861 convertentur
1257 814 1310 861 ad
1333 815 1572 861 Dominum
1593 814 1698 861 uni-

341 908 356 926 «
381 887 489 932 versi
507 887 613 932 fines
642 897 764 931 terrae
793 903 804 930 ε
831 895 872 931 et
895 885 1143 931 adorabunt
1160 885 1204 931 in
1236 895 1471 948 conspectu
1483 888 1574 944 ejus
1595 884 1699 931 uni-

326 976 347 997 »
372 972 508 1002 versae
532 956 687 1018 patriae
707 955 896 1015 gentium
923 973 933 1000 ε
956 955 1163 1018 quoniam
1188 955 1366 1000 Domini
1395 964 1455 1000 est
1485 967 1666 1014 regnum
1684 990 1696 1010 ‚

329 1048 349 1068 ))
371 1036 412 1071 et
440 1027 532 1089 ipse
550 1026 851 1071 dominabitur
873 1026 1069 1085 gentium
1088 1025 1122 1072 1.
1153 1046 1173 1067 >2
1201 1027 1452 1085 Agnoscunt
1469 1025 1701 1071 nobiscum

329 1095 555 1140 Christum
591 1095 632 1140 in
657 1111 706 1140 eo
739 1094 857 1157 quod
899 1094 1056 1154 legitur
1086 1112 1135 1140 t«
1161 1095 1374 1140 Dominus
1397 1094 1503 1140 dixit
1526 1094 1580 1140 ad
1611 1109 1698 1149 me,

329 1186 349 1206 »
374 1165 509 1210 Filius
530 1181 648 1210 meus
665 1181 705 1209 es
725 1175 787 1220 tu,
806 1181 883 1224 ego
906 1164 1039 1209 bodie
1067 1165 1194 1224 genui
1212 1175 1252 1210 te
1268 1165 1286 1193 2
1306 1182 1316 1209 z
1346 1186 1364 1206 u
1388 1175 1430 1210 et
1453 1165 1606 1210 nolunt
1625 1181 1703 1224 ag-

328 1251 505 1280 noscere
537 1234 773 1280 Ecclesiam
801 1235 845 1280 in
881 1252 929 1280 eo
949 1235 1069 1298 quod
1094 1235 1315 1298 sequitur:
1336 1256 1355 1276 «
1380 1234 1557 1280 Postula
1573 1252 1594 1280 a
1619 1251 1702 1293 me,

330 1326 350 1345 ›>
375 1315 416 1350 et
437 1305 551 1350 dabo
572 1305 651 1350 tihi
668 1315 810 1364 gentes
834 1305 1133 1350 haereditatem
1158 1314 1295 1359 tuam,
1333 1316 1374 1350 et
1395 1304 1702 1368 possessionem

323 1395 344 1416 n
377 1384 497 1419 tuam
521 1375 726 1419 terminos
740 1385 877 1420 terrae.
911 1396 931 1416 o
949 1379 1203 1435 Agnoscunt
1222 1375 1449 1421 nobiscum
1475 1375 1704 1421 Christum

331 1444 376 1489 in
404 1462 452 1489 eo
474 1444 590 1507 quod
608 1445 697 1507 ipse
718 1445 931 1490 Dominus
946 1446 991 1490 in
1014 1445 1248 1505 Evangelio
1266 1445 1490 1508 loquitur:
1515 1465 1535 1486 «
1553 1444 1704 1508 Opor-

330 1535 351 1556 ))
376 1515 498 1559 tebat
515 1515 739 1560 Christum
761 1515 869 1578 pati.v
894 1525 935 1561 et
960 1533 1177 1575 resurgere
1195 1515 1413 1561 amortuis
1430 1515 1552 1560 tertia
1567 1514 1637 1559 die
1658 1529 1705 1559 ε»

327 1595 368 1629 et
394 1584 550 1629 nolunt
569 1602 797 1644 agnoscere
811 1586 1048 1631 Ecclesiam
1069 1586 1113 1631 in
1137 1603 1186 1631 eo
1210 1585 1328 1649 quod
1353 1586 1546 1649 sequitur
1568 1601 1579 1630 t
1605 1605 1626 1648 (ς
1651 1585 1706 1630 Et

330 1676 349 1696 >›
372 1654 606 1717 praedicari
631 1655 674 1699 in
704 1655 875 1700 nomine
893 1659 984 1715 ejus
1009 1656 1314 1719 poenitentiam
1352 1666 1393 1701 et
1414 1655 1706 1701 remissionem

328 1745 348 1765 ›>
370 1735 651 1786 peccatorum
670 1742 747 1787 per
764 1742 910 1770 omnes
935 1736 1078 1785 gentes
1100 1725 1413 1789 incipientibus
1447 1726 1501 1772 ab
1528 1725 1707 1770 Jerusa-

330 1793 452 1838 »lem
480 1793 512 1839 3.
540 1815 559 1833 ›>
594 1795 648 1838 Et
687 1795 1023 1840 innumerabilia
1054 1805 1154 1840 sunt
1200 1795 1443 1841 testimonia
1491 1795 1707 1840 librorum

332 1875 604 1917 sanctorum,
624 1882 723 1928 quae
743 1866 787 1911 in
809 1866 930 1911 hunc
946 1865 1110 1912 librum
1132 1876 1349 1912 coarctare
1375 1883 1460 1912 non
1477 1865 1625 1911 debui.
1655 1865 1708 1910 In

332 1934 494 1995 quibus
514 1934 624 1978 sicut
651 1946 832 1997 apparet
867 1936 1078 1981 Dominus
1103 1936 1320 1991 Christus,
1348 1936 1436 1981 sive
1468 1934 1708 1981 secundum

333 2002 606 2047 divinitatem
630 2021 716 2065 qua
736 2004 914 2068 aequalis
925 2016 986 2050 est
1011 2007 1155 2059 Patri:
1176 2006 1251 2068 qui
1272 2027 1292 2046 «
1315 2006 1364 2051 In
1383 2005 1604 2068 principio
1617 2014 1709 2050 erat

334 2093 355 2113 ³)
385 2072 604 2127 Verbum,
649 2084 690 2118 et
717 2074 910 2120 Verbum
940 2085 1031 2120 erat
1065 2075 1184 2138 apud
1212 2076 1369 2130 Deum,
1399 2085 1440 2120 et
1465 2075 1580 2119 Deus
1617 2083 1709 2119 erat

335 2163 356 2184 »
371 2141 565 2187 Verbum
580 2142 620 2199 l⁸3
641 2164 661 2184 n
690 2143 776 2189 sive
794 2144 1033 2190 secundum
1058 2154 1270 2208 susceptae
1308 2144 1448 2190 carnis
1481 2143 1710 2190 humilita-

335 2222 440 2267 tem,
464 2229 549 2275 qua
570 2234 588 2254 <‹
612 2214 803 2260 Verbum
830 2232 931 2261 caro
952 2214 1119 2261 factum
1145 2226 1224 2271 est,
1250 2225 1292 2261 et
1328 2215 1545 2261 habitavit
1563 2215 1610 2260 in
1623 2230 1708 2260 no-

333 2303 354 2324 »
378 2282 446 2327 bis
466 2282 512 2327 ⁵:
536 2304 554 2323 >³
573 2283 633 2329 sic
665 2295 847 2347 apparet
877 2285 1007 2330 etiam
1033 2289 1123 2345 ejus
1154 2284 1373 2343 Ecclesia,
1410 2301 1499 2331 non
1535 2284 1581 2330 in
1619 2283 1709 2330 sola

341 2351 505 2407 Africa,
531 2352 642 2398 sicut
674 2354 743 2399 isti
766 2354 1141 2418 impudentissima
1180 2355 1367 2402 vanitate
1404 2354 1608 2410 delirant,
1635 2351 1709 2400 sed

335 2431 428 2466 toto
446 2423 551 2467 orbe
568 2433 778 2469 terrarum
796 2424 963 2471 diffusa.

402 2491 477 2538 IV.
500 2493 792 2540 ,Testimoniis
829 2495 942 2541 enim
977 2494 1135 2541 divinis
1174 2494 1268 2541 lites
1307 2511 1404 2541 suas
1435 2491 1705 2558 praeferunt,

384 2591 394 2613 ¹
414 2591 495 2625 Psal.
517 2602 586 2635 xxx,
607 2604 659 2635 17,
678 2599 707 2625 et
724 2604 860 2638 seqq.—·
875 2593 890 2617 2
905 2595 951 2627 1d.
969 2606 1007 2634 η,
1023 2607 1051 2632 7.
1066 2591 1138 2620 -3
1152 2597 1227 2628 Luc.
1246 2606 1338 2635 xxxv,
1355 2595 1411 2633 46.
1429 2613 1470 2620 -
1486 2591 1500 2616 ⁴
1513 2596 1614 2628 Joan.
1627 2604 1657 2633 1,
1677 2603 1708 2626 x.

337 2663 381 2671 —
400 2645 413 2668 ⁵
431 2647 512 2681 thid.
535 2654 588 2684 η.
