1799 3251
613 261 830 295 EPISTOLA
860 265 988 311 -CLllL
1389 275 1474 313 211

107 324 280 385 exhibet
309 326 564 393 patientiam
585 347 596 382 ;
627 339 793 391 quanto
817 332 952 398 magis
976 350 1054 379 nos
1075 333 1121 380 in
1144 352 1240 394 eos,
1281 338 1358 402 qui
1388 337 1485 386 cor-

107 393 341 443 rectionem
364 398 656 461 promittunt,
691 409 733 444 et
766 410 915 446 utrum
954 402 1116 450 faciant
1148 406 1270 470 quod
1294 410 1482 472 promit-

107 465 231 522 tunt,
254 467 409 514 incerti
433 485 580 514 sumus
593 505 604 525 ,
624 469 921 516 misericordes
941 489 1026 519 esse
1043 473 1250 523 debemus
1266 515 1278 533 ,
1304 488 1354 524 ut
1370 478 1482 539 rigo-

106 533 194 582 rem
219 548 404 584 vestrum
425 556 506 602 pro
532 539 589 585 eis
612 538 920 586 intercedendo
941 542 1189 603 flectamus,
1212 565 1294 611 pro
1319 548 1482 615 quibus

105 618 147 653 et
166 602 403 671 Dominum
419 647 430 665 ,
454 626 583 673 quenl
604 609 715 655 nihil
728 610 780 656 de
794 611 990 659 moribus
1007 630 1159 661 eorum
1182 618 1310 664 etiam
1325 619 1484 681 futuris

104 674 209 738 latet
236 689 494 725 nontamen
528 679 825 743 impudenter,
860 681 963 744 quia
998 683 1085 730 hoc
1121 685 1213 749 ipse
1235 689 1476 752 praecepit,

105 748 303 794 oramus?

168 818 267 865 VII.
301 819 544 865 In'tantum
575 831 718 866 autem
738 821 971 869 hominum
1004 824 1239 889 aliquando
1269 829 1477 894 iniquitas

99 890 396 957 progreditur,
426 901 474 936 ut
496 891 623 950 etiam
653 902 751 954 post
780 891 918 938 actam
942 897 1268 957 poenitentiam,
1288 912 1389 964 post
1409 902 1477 948 al-

104 961 204 1009 taris
223 958 635 1017 reconciliationem,
654 959 725 1008 ‘vel
753 963 908 1010 similia
951 966 1017 1012 vel
1053 969 1250 1028 graviora
1274 973 1478 1019 commit-

103 1025 220 1087 tant3
255 1043 297 1078 et
319 1043 462 1078 tamen
487 1028 603 1083 Deus
624 1032 729 1079 facit
762 1030 889 1080 etiam
918 1052 1047 1100 super
1072 1038 1177 1085 tales
1209 1041 1311 1087 oriri
1343 1043 1478 1090 solem

100 1096 228 1150 suum
246 1124 258 1158 ;
274 1121 354 1151 nec
377 1103 520 1149 minus
538 1103 698 1149 tribuit
720 1121 852 1167 quam
868 1116 964 1151 ante
988 1108 1212 1155 tribuebat
1234 1111 1480 1173 largissima

100 1192 279 1222 munera
304 1175 405 1222 vitae
425 1191 474 1220 ac
494 1173 656 1220 salutis.
688 1175 744 1219 Et
764 1175 962 1239 quamvis
980 1177 1037 1223 eis
1072 1179 1117 1225 in
1138 1180 1330 1229 Ecclesia
1358 1184 1479 1232 locus

99 1246 360 1292 humillimae
384 1244 656 1309 poenitentiae
680 1263 764 1291 non
784 1247 1053 1294 concedatur
1075 1253 1220 1297 :Deus
1246 1263 1386 1300 tamen
1403 1256 1480 1301 su-'-

98 1309 178 1379 Pffl'
201 1334 271 1362 eos
296 1333 385 1362 suae
409 1315 634 1379 patientiae
660 1333 751 1361 non
774 1317 1062 1366 obliviscitur.
1088 1324 1149 1366 Ex
1178 1339 1368 1384 quorum
1392 1343 1481 1373 nu-

97 1381 216 1432 mero
243 1387 278 1432 si
296 1379 392 1450 quis
414 1385 542 1431 nobis
562 1384 698 1442 dicat,
722 1389 814 1432 Aut
844 1387 944 1434 date
965 1389 1076 1436 mihi
1094 1392 1294 1439 eumdem
1320 1395 1481 1444 iterum

95 1453 343 1521 poenitendi
358 1453 528 1512 locum,
556 1466 630 1501 aut
649 1456 926 1520 desperatum
952 1477 1020 1506 me
1058 1463 1315 1524 permittite,
1341 1477 1390 1512 ut
1411 1467 1480 1514 fa-¹

98 1520 210 1582 ciam
245 1520 464 1591 quidquid
491 1525 687 1584 libuerit,
727 1539 940 1591 quantum
964 1527 1068 1577 meis
1092 1533 1252 1596 opibus
1275 1535 1478 1597 adJ'uvor,

97 1592 139 1646 et
161 1591 363 1646 humanis
400 1597 569 1658 legibus
605 1615 694 1643 non
730 1599 989 1662 prohibeor,
1029 1601 1075 1646 in
1103 1605 1254 1651 scortis
1274 1608 1480 1672 omnique

94 1660 281 1725 luxuria,
303 1666 546 1716 damnabili
560 1668 739 1732 quidem
762 1670 880 1732 apud
900 1672 1157 1731 Dominum,
1181 1675 1253 1721 sed
1269 1678 1390 1740 apud
1403 1679 1479 1726 ho-

94 1731 230 1801 mines
253 1741 485 1804 plerosque
508 1739 639 1785 etiam
656 1739 869 1786 laudabili
888 1759 898 1786 :
928 1752 1002 1787 aut
1016 1742 1049 1787 si
1063 1760 1131 1789 me
1152 1745 1207 1790 ab
1226 1746 1312 1793 hac
1325 1750 1477 1813 nequi-

96 1803 154 1858 tia
181 1812 408 1863 revocatis,
433 1810 565 1856 dicite
583 1820 729 1855 utrum
755 1810 864 1856 mihi
894 1811 1060 1875 aliquid
1095 1815 1235 1877 prosit
1258 1817 1314 1863 ad
1341 1819 1477 1867 vitam

93 1883 307 1939 futuram,
324 1882 358 1928 si
377 1881 423 1927 in
445 1881 526 1926 ista
545 1880 633 1927 vita
646 1879 1033 1928 illecebrosissimae
1051 1883 1289 1948 voluptatis
1304 1888 1478 1937 blandi-

96 1964 240 2000 menta
266 1964 584 2017 contempser0‚
619 1951 654 1997 si
677 1950 914 1998 libidinum
933 1953 1216 2002 incitamenta
1237 1957 1479 2022 frenavero,

94 2013 131 2070 si
153 2024 207 2070 ad
228 2022 526 2084 castigandum
557 2038 717 2085 corpus
742 2039 886 2067 meum
913 2023 1053 2070 multa
1076 2025 1187 2071 mihi
1206 2027 1334 2074 etiam
1356 2029 1478 2078 licita

95 2106 137 2142 et
165 2112 365 2141 concessa
387 2094 637 2140 subtraxero
655 2129 666 2148 ,
703 2092 736 2137 si
781 2110 848 2138 me
883 2094 1142 2156 poenitendo
1179 2097 1477 2149 vehementius

93 2183 225 2230 quam
249 2166 372 2230 prius
402 2164 723 2219 excruciavero,
762 2162 796 2207 si
821 2163 1108 2210 miserabilius
1139 2166 1408 2228 ingemuero,
1441 2174 1475 2219 si

90 2226 253 2289 flevero
278 2235 473 2290 uberius,
492 2235 525 2280 si
542 2233 685 2278 vixero
705 2232 876 2289 melius,
898 2234 931 2279 si
951 2251 1163 2298 pauperes
1181 2249 1476 2291 sustentavero

88 2306 270 2367 largius,
298 2307 331 2352 si
355 2305 584 2359 charitate,
610 2320 709 2367 quae
751 2304 892 2366 operit
916 2304 1241 2353 multitudinem
1264 2325 1475 2373 peccato-

95 2366 502 2437 torum,ssagravero
527 2371 746 2421 ardentius
767 2375 888 2438 :quis
914 2386 1106 2421 nostrum
1129 2377 1188 2423 ita
1212 2378 1393 2445 desipit,
1421 2397 1471 2432 ut

89 2436 201 2496 'huic
216 2439 546 2495 hominidicat:
565 2444 689 2491 'Nihil
710 2445 790 2490 tibi
811 2445 889 2491 ista
905 2445 1204 2509 proderuntin
1221 2463 1472 2513 posterum3

94 2519 204 2566 vade
221 2519 370 2565 saltem
387 2518 489 2565 vitae
506 2517 641 2576 hujus
660 2515 872 2562 suavitate
892 2515 1144 2579 perfruere?
1166 2520 1345 2569 Avertat
1360 2525 1477 2573 Deus

95 2601 185 2638 tam
217 2591 452 2636 immanem
469 2587 812 2649 sacrilegamque
830 2585 1106 2635 dementiam.
1127 2589 1340 2646 Quamvis
1373 2611 1475 2657 ergo

1232 2665 1300 2720 14.
