1799 3251
340 286 427 342 134
746 299 781 328 s.
823 296 1067 328 Aconsnm
1103 297 1308 329 zriscom

330 375 378 410 ut
402 364 641 410 claritatem
680 362 855 408 Domini
892 361 1084 417 videret,
1122 361 1194 408 cui
1223 361 1415 419 dixerat,
1441 385 1463 406 «
1488 365 1533 411 Si
1556 363 1700 413 inveni

330 457 351 476 2>
376 435 555 496 gratiam
583 444 679 478 ante
702 443 758 487 te,
789 431 963 477 ostende
982 431 1091 477 mihi
1108 433 1383 496 temetipsum
1403 433 1700 483 manifeste1.»

328 505 514 567 Accepit
541 504 653 548 enim
687 502 730 546 in
752 501 982 564 praesentia
1008 518 1250 561 congruum
1275 520 1552 566 responsum,
1580 506 1700 569 quod

324 574 479 619 fitciem
500 574 580 617 Dei
602 572 745 616 vivere
764 588 849 615 non
875 579 1043 633 posset,
1079 588 1208 633 quam
1235 590 1360 618 nemo
1387 573 1551 620 videret
1569 586 1611 620 et
1629 574 1700 620 vi-

325 650 458 699 veret,
489 643 577 687 hoc
597 640 726 686 modo
759 641 1028 700 significante
1062 643 1152 686 Deo
1185 643 1357 688 alterius
1381 644 1564 706 potioris
1597 646 1700 691 vitae

323 712 442 758 illam
464 730 549 757 esse
567 711 788 756 visionem.
827 710 993 755 Deinde
1020 711 1062 755 in
1084 712 1228 757 verbis
1255 713 1332 758 Dei
1358 713 1517 759 suturae
1535 714 1699 760 Christi

326 783 531 829 Ecclesiae
554 781 807 844 mysterium
821 782 1058 840 figuratum
1077 792 1152 828 est.
1175 784 1549 847 Gestavitqnippe
1570 785 1699 849 Moy-

321 866 384 898 ses
404 864 559 917 typum
578 851 735 915 populi
753 851 1009 897 Judaeorum
1031 852 1074 897 in
1101 853 1328 899 Christum
1351 871 1526 917 passum
1552 864 1697 919 postea

323 923 561 969 credituri:
586 922 683 967 ideo
709 921 877 967 dictum
905 933 965 967 est
988 921 1075 977 illi,
1108 945 1127 964 α
1150 925 1261 969 Cum
1283 925 1488 970 transiero
1508 962 1518 980 ‚
1551 937 1698 989 poste-

324 1016 343 1035 »
359 995 470 1039 riora
485 1011 576 1039 mea
592 992 780 1038 videbis2
801 1010 811 1037 :
831 1015 850 1034 »
870 1003 910 1038 et
931 1004 1084 1039 caetera
1104 1011 1204 1057 quae
1227 995 1289 1040 ibi
1313 995 1537 1052 dicuntur,
1561 998 1696 1042 mira-

322 1065 402 1110 bili
442 1073 710 1110 sacramento
744 1064 1046 1126 praenuntiant
1074 1064 1310 1110 Ecclesiam
1338 1077 1437 1128 post
1470 1065 1662 1112 futuram
1683 1106 1692 1121 ‚

323 1135 438 1179 unde
458 1134 590 1180 modo
610 1134 787 1193 longum
810 1144 870 1178 est
887 1134 1124 1198 disputare.
1145 1135 1276 1191 Quod
1299 1147 1440 1181 autem
1461 1135 1604 1182 dicere
1624 1138 1695 1182 in-

319 1205 565 1260 stitueram,
589 1204 802 1249 desiderio
814 1213 903 1264 ejus
918 1206 1045 1250 etiam
1068 1204 1194 1260 illud,
1216 1205 1333 1269 quod
1353 1207 1550 1269 petierat,
1568 1207 1696 1253 fuisse

318 1292 598 1328 concessum,
635 1275 679 1320 in
705 1274 819 1319 libro
852 1275 1142 1320 §umerorum
1177 1287 1323 1338 postea
1352 1275 1694 1323 demonstratum

318 1356 379 1390 est
398 1345 433 1398 ὃ,
459 1345 538 1390 ubi
559 1345 773 1389 Dominus
794 1346 934 1404 arguit
952 1345 1272 1390 contumaciam
1296 1345 1452 1391 sororis
1472 1346 1626 1409 ipsius,
1654 1358 1695 1393 ct

317 1414 426 1460 dicit
455 1415 545 1460 aliis
573 1415 807 1477 Prophetis
832 1416 875 1460 in
897 1416 1057 1460 visione
1081 1433 1122 1460 se
1148 1433 1356 1479 apparere
1381 1427 1421 1462 et
1444 1417 1487 1462 in
1512 1426 1662 1463 somno
1679 1456 1689 1473 ‚

319 1486 462 1549 Moysi
481 1496 620 1531 autem
647 1502 724 1548 per
747 1486 952 1548 speciem.
981 1503 1066 1531 non
1091 1504 1169 1549 per
1188 1487 1402 1546 enigmata
1426 1504 1436 1532 :
1464 1487 1540 1532 ubi
1564 1488 1692 1534 etiam

318 1556 487 1602 addidit
512 1556 685 1611 dicens,
716 1577 735 1595 «
764 1557 816 1600 lit
846 1556 1025 1615 gloriam
1055 1557 1232 1602 Domini
1258 1556 1381 1603 vidit.
1405 1580 1425 1598 υ
1453 1557 1573 1613 Quid
1593 1567 1693 1618 ergo

315 1637 376 1672 est
400 1626 517 1689 quod
540 1643 638 1671 eum
664 1626 722 1671 sic
746 1626 847 1671 fecit
864 1637 1114 1690 exceptum,
1136 1627 1219 1672 nisi
1241 1627 1350 1672 forte
1362 1627 1463 1690 qnia
1482 1627 1555 1673 illa
1580 1643 1691 1673 con-

318 1697 596 1761 templatione
620 1697 800 1757 dignum
828 1699 954 1743 etiam
984 1709 1089 1744 tunc
1109 1697 1267 1744 habuit
1293 1698 1450 1762 populi
1474 1698 1537 1744 sui
1564 1698 1690 1745 talem

316 1778 524 1813 rectorem
539 1776 577 1811 ct
593 1768 837 1813 ministrum
861 1770 904 1814 in
926 1779 1013 1814 tota
1030 1768 1162 1813 domo
1179 1786 1253 1814 sua
1270 1767 1460 1824 fidelem,
1483 1778 1529 1814 ut
1546 1777 1692 1833 quem-

314 1836 551 1881 admodum
578 1837 917 1899 concupiverat.
949 1837 1114 1882 videret
1141 1839 1281 1883 Deum
1305 1838 1432 1883 sicuti
1465 1847 1555 1893 est,
1590 1846 1690 1902 q'uae

313 1905 623 1968 contemplatio
650 1908 818 1951 cunctis
838 1907 936 1952 filiis
960 1907 1003 1952 in
1030 1908 1116 1952 fine
1140 1908 1444 1970 promittitur?

380 1976 590 2020 xxxin.
620 1976 701 2020 Ista
727 1975 857 2021 credo
879 1976 1155 2022 considerans
1175 1978 1241 2022 vir
1264 1977 1336 2022 ille
1362 1990 1536 2023 sanctus
1559 1981 1686 2038 cujus

313 2045 446 2090 verba
469 2055 726 2100 tractamus,
771 2046 884 2107 [nec
909 2045 1131 2109 Apostoli,
1162 2047 1326 2110 inquit,
1357 2064 1503 2092 omnes
1530 2048 1688 2094 Chris-

315 2126 407 2160 tum
434 2115 702 2176 videbant]
737 2116 946 2178 qnoniam
977 2117 1087 2161 forte
1115 2116 1247 2180 aliqui
1271 2133 1419 2162 eorum
1440 2117 1568 2162 etiam
1595 2117 1688 2181 ipso

313 2197 508 2249 tempore.
519 2185 735 2239 viderant,
756 2186 993 2231 secundnm
1012 2187 1090 2232 ista
1106 2204 1204 2249 quae
1225 2187 1326 2233 dixi.
1355 2188 1408 2233 [t
1428 2199 1567 2233 autem
1584 2205 1686 2251 pro-

309 2257 435 2302 baret
473 2256 593 2319 quod
628 2255 768 2306 dixit,
810 2258 912 2320 qnia
937 2275 1023 2303 non
1063 2275 1209 2303 omnes
1243 2258 1455 2304 videbant
1477 2259 1685 2305 continuo

310 2327 520 2386 subjecit,
551 2327 565 2388 [
588 2328 640 2371 Et
656 2326 750 2371 ideo
780 2328 838 2372 ait
860 2363 871 2381 ,
893 2349 910 2367 «
933 2329 1074 2373 Tanto
1095 2339 1288 2392 tempore
1306 2328 1534 2374 vobiscum
1558 2345 1650 2374 sum
1670 2367 1681 2383 ‚

309 2419 329 2439 η
349 2408 389 2443 et
410 2396 557 2442 adhuc
580 2413 646 2441 me
673 2414 759 2441 non
783 2398 1042 2456 cognovistis
1061 2397 1104 2444 4!
1127 2400 1141 2461 ]
1166 2421 1184 2440 »
1220 2398 1387 2445 Deinde
1419 2401 1684 2459 stibJung‘ens

311 2487 334 2514 a
359 2467 562 2532 qualibus
584 2468 699 2512 Deus
721 2466 919 2513 videatur
942 2468 1016 2515 illa
1045 2469 1410 2533 contemplatione
1432 2470 1560 2516 sicuti
1578 2479 1639 2516 es't
1667 2487 1678 2515 ε

357 2568 367 2590 ¹
395 2567 497 2599 Exod.
520 2578 635 2601 xxxin,
651 2568 740 2609 juxta
762 2579 834 2600 Lxx.
853 2587 897 2592 —
913 2567 928 2590 2
954 2569 1035 2601 ibid.
1067 2572 1123 2604 23.
1150 2585 1194 2593 --
1211 2568 1224 2593 3
1241 2573 1336 2604 Num.
1358 2582 1418 2613 λιι,
1438 2572 1471 2604 6.
1491 2587 1535 2594 —
1552 2556 1565 2592 4
1582 2572 1678 2605 Joan.

305 2635 375 2666 xiv,
397 2634 429 2666 9.
