1799 3251
397 251 452 297 16
796 258 830 287 s.
873 254 1115 287 Aucusrlm
1147 253 1350 285 EPISCOPI

393 329 553 377 bitavit
577 326 623 373 in
645 323 784 370 nobis.
816 320 1003 368 Reddite
1029 319 1168 367 vicem
1185 356 1196 376 ‚
1227 317 1445 364 efficimini
1477 316 1654 381 spiritus
1671 352 1682 372 ‚
1709 326 1751 362 et

393 399 589 447 habitate
612 395 657 441 in
673 392 747 439 illo
771 391 848 455 qui
867 407 968 436 caro
985 389 1124 435 factus
1143 399 1220 443 est,
1242 398 1284 433 et
1303 387 1520 432 habitavit
1542 387 1587 432 in
1603 384 1742 432 vobis.

393 470 543 533 Neque
566 466 679 512 enim
697 467 788 523 jam
811 459 1130 524 desperandum
1155 469 1238 511 est,
1265 456 1599 520 participatione
1618 453 1751 500 Verbi

397 540 487 585 fieri
511 552 633 600 posse
655 533 854 579 homines
879 530 988 576 filios
1003 529 1109 583 Dei,
1132 526 1322 584 Quando
1357 525 1486 571 Filius
1508 525 1586 571 Dei
1611 525 1753 589 parti-

397 607 614 670 cipatione
629 603 768 649 carnis
790 600 929 646 sactus
952 610 1014 644 est
1036 598 1150 643 filius
1168 597 1372 647 hominis.

464 678 565 722 XII.
608 674 695 719 Nos
714 673 858 734 itaque
875 667 1105 715 mutabiles
1122 667 1167 711 in
1193 664 1343 710 melius
1359 665 1633 720 commutati,
1661 681 1760 728 par-

400 748 552 809 ticipes
573 744 784 790 efficimur
803 740 964 786 Verbi:
1001 739 1192 783 Verbum
1229 746 1370 781 autem
1403 733 1763 781 incommutabile

399 816 511 863 nihil
528 816 573 861 in
598 813 783 860 deterius
818 819 1163 863 commutatum,
1198 806 1418 869 particeps
1457 805 1596 850 carnis
1634 803 1764 850 effec-

400 897 493 932 tum
520 895 581 929 est
613 881 814 928 rationali
852 879 994 924 anima
1030 877 1258 923 mediante.
1301 877 1447 939 Neque
1481 876 1594 921 enim
1629 875 1764 921 homo

403 955 625 1010 Christus,
647 961 695 997 ut
715 950 1032 1014 Apollinaristae
1052 946 1247 993 haeretici
1265 957 1553 1009 putaverunt,
1582 956 1656 992 aut
1677 960 1766 991 non

383 1025 563 1070 *habuit
593 1023 778 1068 animam
794 1058 804 1077 ‚
843 1031 916 1066 aut
946 1037 1034 1064 non
1054 1018 1213 1064 habuit
1237 1017 1490 1063 rationalem
1513 1035 1524 1062 ε
1549 1017 1621 1063 sed
1648 1032 1767 1062 more

404 1112 479 1142 suo
505 1094 730 1156 Scriptura
757 1102 804 1137 ut
835 1091 998 1137 Christi
1019 1089 1311 1135 humilitatem
1337 1090 1471 1148 magis
1497 1089 1764 1143 ostenderet,

403 1183 456 1212 ne
475 1165 614 1211 carnis
636 1179 793 1209 nomen
814 1163 937 1224 quasi
959 1161 1187 1221 indignum
1214 1159 1376 1224 aliquid
1412 1160 1614 1220 refugisse
1644 1160 1770 1207 vide-

404 1245 539 1290 retur,
562 1249 734 1280 carnem
751 1248 833 1295 pro
848 1231 1025 1277 homine
1043 1231 1200 1294 posuit.
1223 1230 1372 1294 Neque
1389 1231 1503 1276 enim
1517 1231 1617 1294 quia
1634 1231 1771 1295 scrip-

405 1316 498 1351 tum
522 1315 610 1361 est,
640 1325 659 1345 <‹
678 1302 855 1348 Videbit
892 1301 1030 1347 omnis
1064 1318 1165 1359 caro
1195 1301 1380 1347 salutare
1418 1301 1494 1346 Dei
1512 1301 1548 1357 1,
1574 1324 1592 1343 n
1614 1302 1770 1347 animae

404 1375 468 1420 ibi
492 1391 580 1419 non
612 1383 712 1419 sunt
740 1370 1045 1431 intelligendae.
1085 1369 1206 1416 Nihil
1242 1370 1426 1433 proinde
1453 1370 1569 1416 aliud
1602 1371 1770 1416 dictum

407 1455 489 1499 est,
508 1465 529 1485 «
549 1444 741 1490 Verbum
775 1459 876 1488 caro
916 1441 1080 1487 factum
1115 1440 1207 1486 est2
1232 1458 1241 1484 :
1269 1463 1287 1481 »
1315 1457 1446 1504 quam
1474 1441 1508 1486 si
1534 1441 1768 1497 diceretur,

408 1514 540 1560 Filius
563 1513 644 1559 Dei
662 1512 775 1558 filius
798 1512 986 1557 hominis
1004 1511 1143 1557 factus
1168 1521 1227 1556 est
1251 1529 1260 1555 ε
1290 1512 1413 1568 «Qui
1438 1529 1537 1558 cum
1564 1515 1608 1558 in
1634 1511 1773 1557 forma

409 1585 530 1630 »Dei
564 1593 693 1640 esset,
741 1583 853 1628 sicut
897 1582 1004 1628 dicit
1046 1582 1308 1644 Apostolus,
1353 1601 1439 1628 non
1471 1584 1667 1646 rapinam
1700 1600 1773 1628 ar-

411 1676 431 1696 »
452 1655 637 1700 bitratus
655 1663 717 1699 est
738 1670 822 1699 esse
843 1652 1020 1716 aequalis
1045 1653 1134 1697 Deo
1150 1652 1182 1699 ·“·.
1213 1674 1232 1692 ›>
1262 1654 1410 1716 Neque
1442 1654 1554 1699 enim
1585 1669 1775 1717 usurpa-

413 1724 539 1769 tionis
562 1733 677 1779 erat,
705 1733 753 1768 ut
778 1723 930 1785 rapina
955 1722 1170 1767 diceretur
1192 1740 1201 1767 ε
1232 1723 1305 1768 sed
1329 1734 1497 1770 naturae
1528 1726 1690 1780 inerat,
1729 1733 1776 1769 ut

410 1804 515 1838 esset
552 1792 742 1854 aequalis.
782 1813 802 1832 «
836 1792 1121 1853 Semetipsum
1156 1803 1295 1837 tamen
1336 1794 1600 1850 exinanivit,
1631 1817 1650 1836 ›>
1688 1811 1776 1840 non

412 1861 595 1907 formam
617 1862 694 1906 Dei
713 1862 927 1914 amittens,
952 1860 1023 1905 sed
1043 1860 1225 1906 formam
1244 1863 1351 1908 servi
1367 1865 1624 1926 suscipiens3
1649 1886 1668 1906 c<
1691 1864 1777 1910 Hu-

414 1954 434 1974 ›>
453 1932 634 1977 miliavit
647 1931 938 1994 semetipsum,
965 1930 1105 1976 factus
1126 1931 1328 1978 obediens
1346 1950 1480 1997 usque
1500 1934 1551 1980 ad
1576 1946 1773 1990 mortem,

416 2024 435 2042 ›>
456 2012 634 2046 mortem
657 2011 798 2045 autem
816 2001 970 2046 crucis.
996 2022 1014 2040 >³
1035 2000 1160 2046 Vides
1188 2003 1555 2064 quemadmodum
1579 2006 1777 2052 eumdem

416 2071 634 2115 hominem
657 2086 783 2132 quem
815 2072 951 2115 Deum
985 2071 1281 2126 commendat,
1318 2083 1362 2117 ut
1381 2091 1564 2136 persona
1584 2093 1668 2122 una
1693 2077 1774 2132 sit,

416 2158 468 2185 ne
489 2157 575 2184 non
596 2140 798 2193 Trinitas,
822 2139 893 2184 sed
920 2142 1182 2203 quaternitas
1219 2142 1465 2190 inducatur.
1507 2146 1630 2192 Sicut
1665 2146 1778 2193 enim

418 2226 504 2254 non
532 2219 708 2268 augetur
747 2226 949 2254 numerus
980 2227 1288 2272 personarum,
1326 2230 1423 2259 cum
1468 2216 1632 2262 accedit
1677 2233 1778 2262 caro

420 2279 601 2332 animae,
636 2288 683 2323 ut
717 2279 769 2322 sit
798 2295 908 2324 unus
943 2279 1073 2324 homo
1105 2298 1113 2324 :
1152 2282 1209 2325 sic
1249 2300 1333 2327 non
1370 2296 1550 2344 augetur
1574 2304 1779 2332 numerus

422 2364 725 2410 personarum,
768 2365 866 2393 cum
904 2348 1068 2394 accedit
1115 2351 1245 2396 homo
1288 2352 1459 2409 Verbo,
1501 2367 1545 2399 ut
1580 2357 1633 2401 sit
1671 2374 1780 2402 unus

423 2417 634 2464 Christus.
667 2417 843 2477 Legitur
871 2418 1037 2481 itaque,
1063 2441 1082 2459 «
1105 2420 1292 2466 Verbum
1318 2440 1417 2469 caro
1441 2424 1603 2471 factum
1636 2437 1725 2484 est,
1759 2451 1778 2471 »

471 2528 478 2548 ¹
500 2528 710 2565 lsai.11u‚xo.
732 2544 774 2550 —-
792 2526 807 2547 2
823 2529 920 2560 Joan.
937 2538 960 2566 1,
979 2534 1029 2564 ¹4.
1044 2526 1117 2573 ——3
1135 2529 1249 2572 Philip.
1272 2542 1310 2572 11,
1328 2535 1361 2565 0¹,
