1799 3251
566 281 777 312 Ei‘lSTOLA
815 283 963 312 CLvnI.
1356 287 1446 334 277

74 360 115 395 et
128 348 172 394 in
186 347 417 395 scribendo
433 348 543 393 bene
557 346 813 400 laboriosus,
828 347 1045 393 studiosus
1058 365 1231 413 quoque
1254 365 1339 394 esse
1358 365 1448 395 coe-

76 430 200 483 perat
242 418 456 472 lectionis,
486 428 534 463 ut
566 418 656 480 ipse
680 434 819 462 meam
846 418 1090 464 tarditatem
1125 436 1253 464 causa
1282 418 1451 479 legendi

77 489 303 535 nocturnis
339 488 460 533 horis
488 487 811 540 exhortaretur3
856 505 956 533 nam
1005 489 1227 552 aliquanto
1257 500 1450 552 tempore

76 560 216 605 noetis
234 558 343 603 mihi
367 557 655 621 ipselegebat‚
683 575 783 603 cum
803 559 947 603 omnia
967 559 1180 604 siluissent
1203 577 1213 604 ε
1242 575 1320 604 nec
1339 557 1454 604 vole-

77 630 153 674 bat
178 630 396 692 praeterire
425 628 680 682 lectionem,
711 629 789 673 nisi
832 629 1126 684 intellexisset,
1166 640 1206 674 et
1246 628 1370 674 tertio
1409 637 1452 673 et

75 709 230 761 quarto
249 699 483 761 repetebat,
509 710 548 743 ct
576 716 651 744 nec
681 698 948 752 dimittebat,
974 699 1058 744 nisi'
1081 699 1162 744 sibi
1182 698 1452 762 apparuisset

73 768 192 832 quod
207 769 443 832 quaerebat.
467 771 701 831 Coeperam
727 785 824 813 eum
851 786 937 813 non
953 769 1074 832 quasi
1097 785 1279 831 puerum
1302 778 1344 813 et
1366 784 1451 813 no-

77 839 233 884 tarium
257 838 438 889 habere,
479 838 553 883 sed
573 840 762 884 amicum
789 839 1024 902 quemdam
1044 841 1143 885 satis
1161 839 1451 884 necessarium

74 919 115 954 et
144 925 332 955 suavem.
362 909 648 954 Delectabant
668 910 779 955 enim
809 927 874 955 me
898 909 1059 955 fabulae
1082 910 1230 972 ipsius.
1257 930 1277 950 ι)

140 980 197 1026 ΙΙ.
221 1000 240 1020 «
262 978 462 1041 Optabat
477 995 652 1041 quoque
671 1016 680 1034 ‚
703 979 822 1042 quod
841 980 875 1024 ei
896 980 1138 1042 praestitum
1160 990 1221 1024 est
1241 1016 1251 1032 ‚
1276 978 1453 1024 dissolvi

72 1059 113 1095 et
146 1065 232 1095 esse
254 1065 354 1094 cum
395 1048 617 1096 Christo1.
660 1050 771 1095 Nam
798 1050 1025 1110 aegrotavit
1059 1050 1271 1095 sexdecim
1297 1049 1452 1095 diebus

74 1119 191 1183 apud
215 1130 414 1183 parentes
449 1136 568 1175 SUOS,
606 1130 648 1165 et
673 1120 894 1166 memorias
927 1121 969 1166 vi
1002 1120 1056 1166 de
1083 1120 1322 1183 Scripturis
1342 1136 1452 1182 pene

73 1200 161 1235 tota
186 1189 444 1249 aegritudine
466 1190 744 1253 loquebatur.
776 1190 861 1235 Sed
888 1199 936 1236 ut
954 1190 1008 1236 ad
1034 1192 1163 1236 finem
1183 1191 1282 1235 vitae
1303 1189 1452 1253 proxi-

73 1277 167 1305 mus
191 1277 277 1305 esse
300 1260 465 1323 coepit,
495 1259 710 1322 psallebat
730 1259 1010 1306 audientibus
1032 1261 1236 1306 omnibus
1251 1297 1261 1314 ,
1287 1281 1307 1301 «
1329 1259 1451 1305 Desi-

77 1330 235 1376 »derat
265 1341 307 1375 et
330 1340 539 1393 properat
582 1330 725 1375 anima
748 1347 842 1375 mea
864 1331 918 1375 ad
944 1331 1050 1375 atria
1077 1331 1156 1375 Dei
1175 1331 1191 1359 ‘-'
1215 1348 1225 1375 ι
1248 1352 1267 1372 »
1292 1341 1333 1375 et
1356 1339 1453 1393 post

71 1401 170 1447 haec
184 1401 346 1446 iterum
367 1400 612 1463 psallebat,
635 1401 954 1463 «Impinguasti
967 1401 1012 1446 in
1024 1400 1116 1446 oleo
1131 1411 1266 1463 caput
1283 1416 1446 1455 meum,

74 1481 152 1516 »et
175 1469 386 1533 poculum
418 1480 539 1515 tuum
566 1470 785 1515 inebrians
809 1487 940 1532 quam
968 1470 1235 1533 praeclarum
1272 1469 1366 1515 est³
1387 1470 1396 1515 l
1420 1492 1436 1509 »

74 1541 142 1586 lbi
164 1539 250 1586 fuit
284 1551 527 1603 occupatus
543 1577 554 1597 ‚
583 1540 667 1586 hac
695 1558 737 1586 se
760 1541 1012 1586 oblectabat
1033 1541 1335 1586 consolatione.
1359 1541 1450 1585 De-

71 1611 172 1657 inde
189 1627 290 1657 cum
316 1610 423 1656 solvi
444 1610 676 1674 coepisset,
702 1611 868 1671 signare
890 1628 930 1656 se
956 1611 1096 1675 coepit
1119 1611 1163 1656 in
1195 1611 1334 1656 fronte
1353 1647 1364 1666 ,
1392 1610 1451 1655 ita

74 1691 119 1726 ut
137 1682 197 1726 sic
221 1680 499 1726 descenderet
519 1698 671 1726 manus
692 1680 745 1726 ad
767 1698 811 1726 os
833 1718 842 1736 ‚
867 1681 988 1744 quod
1016 1681 1097 1726 sibi
1126 1681 1333 1743 cupiebat
1362 1680 1449 1740 sig-

72 1769 170 1796 nare
187 1788 196 1806 ‚
224 1768 324 1797 cum
340 1755 430 1810 jam
456 1751 635 1796 interior
658 1751 794 1796 homo
814 1789 824 1806 ,
848 1762 892 1796 et
920 1752 1030 1797 bene
1054 1761 1284 1796 renovatus
1307 1750 1360 1796 de
1379 1750 1449 1796 die

70 1824 115 1867 in
140 1822 254 1867 diem
274 1859 285 1878 ‚
306 1821 489 1867 domum
514 1822 673 1867 luteam
708 1822 952 1868 dimisisset.
988 1822 1098 1867 Mihi
1133 1832 1301 1867 tantum
1340 1838 1448 1881 gau-

71 1892 192 1937 dium
221 1891 438 1947 accrevit,
469 1902 516 1936 ut
539 1891 725 1937 arbitrer
739 1891 860 1955 quod
875 1892 1053 1937 dimisso
1066 1892 1247 1955 proprio
1266 1908 1451 1954 corpore

70 1963 114 2007 in
140 1979 283 2007 meum
308 1962 504 2008 animum
528 1962 740 2021 ingressus
779 1963 862 2018 sit,
898 1973 939 2008 et
973 1963 1036 2008 ibi
1071 1962 1181 2007 mihi
1210 1962 1449 2025 quamdam

70 2033 338 2078 luciditatem
361 2033 608 2096 praesentiae
633 2050 724 2079 suae
758 2044 963 2096 praestet,
992 2034 1094 2097 quia
1127 2033 1382 2079 liberatione
1407 2042 1450 2078 et

70 2105 297 2148 securitate
335 2102 448 2148 illius
483 2103 612 2148 nimis
659 2103 825 2163 gaudeo
846 2124 856 2156 3
893 2104 981 2150 dici
1016 2121 1104 2149 non
1149 2114 1306 2166 potest.
1351 2104 1450 2149 Non

71 2175 183 2218 euim
209 2174 344 2220 levem
371 2174 409 2219 ci
434 2174 613 2235 exhibui
636 2175 997 2231 sollicitudinem,
1020 2176 1172 2220 timens
1201 2176 1319 2220 aetati
1340 2176 1450 2221 ado-

70 2244 279 2291 lescentis,
314 2245 425 2289 Nam
463 2246 613 2290 curavi
640 2263 687 2291 ex
706 2263 754 2291 eo
789 2263 983 2309 quaerere
1000 2283 1011 2302 ,
1039 2263 1092 2290 ne
1114 2245 1224 2290 forte
1251 2245 1448 2292 foeminae

71 2315 326 2375 contagione
340 2315 487 2359 fuisset
504 2315 697 2378 pollutus
715 2316 928 2362 :liberum
947 2334 987 2361 se
1004 2333 1089 2361 esse
1101 2326 1273 2361 testatus
1283 2327 1344 2362 est
1358 2335 1450 2363 ma·

68 2385 129 2446 gis
155 2396 201 2431 ut
222 2397 415 2431 nostrum
434 2385 641 2445 gaudium
663 2388 977 2433 cumularetur.
1019 2386 1195 2432 Solutus
1232 2397 1292 2432 est
1323 2404 1439 2447 ergo.

75 2457 303 2519 Exsequias
333 2457 604 2519 praebuimus
627 2458 727 2503 satis
756 2457 1053 2511 honorabiles,
1081 2468 1122 2502 ct
1148 2457 1299 2517 dignas
1321 2467 1455 2503 tantae

72 2526 244 2581 animae3
277 2544 374 2572 nam
401 2527 689 2589 pertriduum
716 2529 893 2591 hymnis
919 2527 1153 2573 Dominum
1177 2527 1454 2576 collaudavi·-

121 2608 264 2652 ¹1¹hilip.
285 2611 387 2647 1,23.
402 2629 435 2633 -
457 2609 472 2631 2
498 2610 542 2642 ld.
560 2621 700 2645 maxim„
722 2613 806 2644 3,·ν·
823 2610 897 2646 311).
919 2611 1046 2650 xx11,5.
