1799 3251
605 270 817 302 EPISTOLA
853 270 976 302 CLHI.
1377 274 1469 324 227

104 348 267 401 quanto
290 336 432 383 minus
456 345 636 382 amatur.
668 334 752 379 Sed
782 334 896 379 inter
915 334 1013 381 haec
1037 335 1243 381 toleratur
1262 336 1469 400 iniquitas

105 408 216 454 male
233 407 487 454 habentium
501 442 511 462 ‚
533 416 574 451 et
587 403 789 467 quaedam
802 404 913 450 inker
929 422 999 450 eos
1007 409 1106 464 jura
1124 406 1467 463 constituuntur,

104 495 204 542 quae
242 476 517 541 appellantur
557 475 726 525 civilia3
761 491 848 519 non
882 475 1001 538 quod
1027 475 1133 522 hinc
1169 477 1244 521 fiat
1276 487 1323 522 ut
1356 478 1468 523 bene

107 559 272 594 utentes
295 548 378 592 sint
395 585 404 603 ‚
430 546 501 591 sed
522 556 569 591 ut
588 544 697 590 male
717 555 882 590 utentes
903 542 1043 591 minus
1065 546 1229 592 molesti
1247 547 1332 592 sint
1354 565 1364 592 ε
1390 547 1475 593 (10-

105 635 184 664 nec
217 617 361 663 fideles
393 628 435 662 et
458 617 546 679 pii,
570 632 756 680 quorum
777 618 875 674 jure
910 627 1008 661 sunt
1031 618 1198 673 onmia,
1228 618 1303 680 qui
1334 619 1399 664 vel
1426 637 1474 664 ex

106 687 188 733 11115
219 688 354 742 fiunt,
382 687 446 733 vel
469 689 578 733 inter
608 686 702 731 illos
723 686 931 749 tantisper
954 687 1143 732 viventes
1174 688 1297 733 malis
1325 686 1474 734 eorum

108 774 196 802 non
212 757 562 817 obstringuntur,
599 755 670 802 sed
690 766 956 811 exercentur,
995 758 1249 819 perveniant
1272 758 1326 803 ad
1355 758 1475 805 illam

108 828 323 873 civitatem
344 865 354 883 ‚
378 828 455 873 ubi
482 827 714 873 haereditas
739 827 992 873 aeternitatis
1014 838 1075 872 est
1094 865 1105 883 ,
1134 828 1211 873 ubi
1231 846 1317 874 non
1337 829 1476 877 habet

108 897 189 943 nisi
220 901 361 958 justus
401 897 546 943 locum
565 934 575 952 ‚
617 897 785 942 nonnisi
825 897 991 960 sapiens
1032 897 1332 961 principatum
1352 936 1362 955 ,
1400 900 1478 945 ubi

109 968 393 1032 possidebunt
416 968 682 1032 quicumque
708 967 771 1013 ibi
797 979 953 1023 erunt,
975 985 1073 1014 vere
1094 985 1184 1016 sua.
1225 970 1309 1015 Sed
1335 981 1476 1016 tamen

109 1039 237 1084 etiam
261 1039 334 1084 hic
357 1056 443 1084 non
471 1037 803 1094 intercedimus,
837 1049 884 1084 ut
905 1038 1145 1084 secundum
1172 1057 1311 1086 mores
1341 1040 1478 1101 leges-

110 1125 194 1172 que
216 1120 401 1156 terrenas
427 1126 513 1155 non
539 1110 821 1155 restituantur
837 1109 973 1155 aliena
995 1127 1004 1154 :
1027 1111 1224 1173 quamvis
1241 1111 1479 1174 placabiles

110 1197 185 1226 vos
210 1180 389 1227 velimus
408 1180 529 1226 malis
545 1218 557 1234 ‚
579 1197 667 1226 non
687 1191 734 1226 111
751 1180 953 1244 placeant
968 1180 1033 1226 vel
1054 1193 1337 1243 permaneant
1354 1182 1475 1239 mali,

111 1250 182 1296 sed
201 1252 304 1314 quia
321 1268 366 1296 ex
390 1251 474 1297 illis
498 1251 611 1296 fiunt
637 1251 904 1314 quicumque
925 1252 1036 1297 fiunt
1057 1252 1161 1297 boni
1177 1290 1187 1308 ,
1205 1263 1247 1298 et
1267 1254 1480 1300 sacrificio

111 1321 419 1367 misericordiae
437 1321 637 1385 placatur
653 1326 772 1368 Deus
789 1359 799 1372 ,
819 1339 948 1383 quem
969 1323 1048 1368 nisi
1068 1324 1314 1386 propitium
1340 1325 1484 1371 habe—

110 1402 206 1437 rent
230 1391 360 1446 mali,
388 1390 497 1436 nulli
518 1402 653 1437 essent
676 1391 797 1437 boni.
829 1391 916 1437 Diu
946 1403 1008 1437 est
1031 1392 1150 1455 quod
1176 1394 1484 1457 occupationi-

111 1460 194 1506 bus
231 1460 313 1506 tuis
347 1460 567 1524 loquendo
598 1461 748 1507 videor
789 1478 1022 1518 onerosus,
1061 1479 1161 1508 cum
1201 1463 1283 1509 tibi
1314 1463 1485 1510 homini

113 1542 240 1584 acuto
269 1543 310 1578 et
345 1531 476 1578 docto
513 1532 600 1578 cito
632 1531 739 1579 solvi
763 1532 955 1595 potuerit
973 1532 1092 1596 quod
1119 1534 1358 1597 quaerebas.
1384 1535 1484 1580 Jam

112 1601 282 1648 dudum
307 1614 446 1649 autem
471 1603 595 1649 finire
613 1602 813 1649 deberem
835 1640 845 1658 9
874 1603 907 1649 si
933 1614 971 1649 te
993 1614 1161 1650 tantum
1187 1605 1339 1651 scirem
1359 1604 1488 1651 fuisse

111 1672 326 1719 lecturum
348 1674 468 1738 quod
487 1674 690 1735 flagitasti
715 1685 763 1721 ut
782 1675 1077 1722 rescriberem.
1107 1675 1221 1722 Felix
1237 1676 1282 1722 in
1303 1675 1433 1722 Chris
1445 1686 1490 1721 10

113 1743 253 1800 vivas,
275 1744 336 1790 fili
357 1745 622 1791 charissime.

1292 2667 1359 2711 15.
