1799 3251
317 270 408 333 296
718 288 752 316 s.
798 289 1037 320 Arors'rixi
1077 291 1276 321 Errscori

311 369 412 416 quae
435 366 533 400 sunt
556 365 639 400 tam
661 354 853 402 diflicilia
870 394 879 411 ‚
903 368 946 402 ut
974 374 1073 402 eum
1100 374 1251 416 magna
1275 356 1500 418 diligentia
1515 357 1679 406 dictata

311 423 379 469 vel
406 425 567 488 scripta
588 427 657 471 vix
684 426 865 489 perduci
891 428 1058 491 possint
1085 427 1138 473 ad
1170 427 1434 474 intellectum
1458 429 1585 476 etiam
1612 440 1680 475 ta-

311 494 414 540 lium
439 497 579 560 qualis
613 497 703 560 ipse
729 516 784 543 es.
826 499 925 544 Huc
952 499 1120 545 aceedit
1142 536 1152 553 ‚
1180 499 1282 562 quia
1307 517 1393 545 non
1428 510 1475 546 tu
1501 511 1543 546 et
1573 500 1678 547 tales

308 567 611 613 tantummodo
632 568 850 627 cogitandi
872 569 969 615 estis
991 569 1144 615 lecturi
1159 586 1245 615 esse
1268 569 1386 633 quod
1415 571 1674 624 scribimus;

305 635 378 681 sed
412 637 561 701 utique
585 649 626 684 et
657 639 719 685 illi
744 640 819 704 qui
850 640 991 685 minus
1022 651 1152 686 acuto
1182 639 1412 704 minusque
1447 641 1676 687 exercitato

302 706 472 767 iugenio
500 710 671 772 praediti
691 748 701 766 ,
741 728 791 756 eo
831 721 973 757 tamen
1005 711 1147 757 studio
1182 711 1381 757 feruntur
1401 711 1457 758 ad
1482 729 1676 772 cognos-

303 778 459 825 cendas
479 780 642 826 litteras
665 792 832 828 nostras
850 819 861 837 ,
901 782 988 827 sive
1012 782 1152 827 amieo
1179 781 1267 827 sive
1289 781 1467 828 inimico
1498 783 1643 829 animo
1661 820 1672 840 ,

303 859 350 894 ut
373 849 430 895 eis
454 851 657 898 subtrahi
684 853 863 898 omnino
896 870 982 898 non
1012 853 1192 916 possint.
1222 853 1308 898 Ista
1340 853 1548 912 cogitanti
1579 870 1675 900 cer-

299 919 364 965 nis
382 957 392 975 ,
415 933 578 984 quanta
597 940 702 969 cura
725 924 767 969 in
788 922 1018 969 scribendo
1045 939 1130 968 esse
1158 922 1338 976 debeat,
1362 923 1601 986 praesertim
1622 923 1675 970 de

299 990 428 1036 rebus
455 991 512 1037 ita
535 993 699 1052 magnis
720 1032 730 1048 ,
754 1004 801 1039 ut
825 995 867 1039 in
893 994 950 1040 eis
979 1004 1020 1039 et
1046 995 1189 1054 magni
1222 993 1434 1040 laborent.
1468 994 1512 1040 Si
1531 1005 1672 1040 autem

297 1077 398 1106 eum
435 1062 600 1125 aliquid
636 1064 679 1109 in
714 1065 915 1110 manibus
936 1065 1079 1110 habeo
1100 1102 1109 1119 ,
1146 1064 1523 1110 intermittendum
1549 1076 1610 1110 est
1633 1075 1674 1111 et

298 1129 582 1178 differendum
600 1170 610 1188 ,
645 1144 693 1179 ut
715 1134 767 1179 ad
789 1151 836 1179 ea
864 1135 1011 1197 potius
1039 1133 1376 1197 respondeatur,
1401 1151 1501 1199 quae
1528 1152 1674 1198 super-

298 1201 511 1248 venientia
534 1204 840 1266 requiruntur3
868 1204 976 1268 quid
1011 1206 1081 1250 fiet
1105 1204 1137 1249 si
1163 1204 1290 1249 etiam
1323 1205 1426 1268 ipsis
1457 1205 1563 1251 dum
1591 1223 1672 1251 res-

297 1272 543 1335 pondetur,
571 1274 652 1321 alia
683 1276 1043 1338 supervenerint?
1068 1276 1182 1321 Num
1208 1276 1352 1338 placet
1383 1287 1429 1321 ut
1449 1277 1577 1322 etiam
1603 1277 1674 1323 his

297 1343 461 1389 omissis
499 1344 572 1390 illa
609 1346 925 1410 suscipiantur,
969 1358 1010 1391 et
1047 1363 1216 1409 semper
1257 1345 1401 1408 priora
1430 1347 1536 1392 fiant
1571 1364 1672 1410 quae

298 1414 534 1475 posteriora
558 1416 820 1462 oboriuntur
839 1454 848 1471 ,
883 1433 1017 1479 eaque
1045 1415 1131 1461 sola
1165 1417 1392 1461 terminare
1411 1416 1634 1475 contingat
1656 1454 1667 1473 ‚

298 1483 459 1545 quibus
494 1502 593 1530 eum
629 1486 880 1532 scribuntur
911 1504 997 1532 non
1032 1486 1326 1549 supervenerit
1361 1485 1525 1549 aliquid
1551 1487 1670 1551 quod

297 1555 546 1616 quaeratur?
569 1556 699 1611 Quod
726 1567 771 1602 ut
803 1557 911 1602 1111111
942 1556 1112 1603 accidat
1142 1555 1450 1601 difficillimum
1484 1568 1572 1614 est,
1597 1558 1669 1603 sed

299 1641 385 1669 non
408 1626 567 1689 opinor
592 1628 671 1673 tibi
698 1629 783 1674 1106
813 1629 996 1692 plaeere.
1029 1630 1126 1674 Non
1149 1646 1247 1688 ergo
1271 1627 1404 1673 debui
1433 1628 1515 1674 alia
1541 1629 1670 1675 inter·

297 1710 500 1758 rumpere
527 1714 626 1743 eum
663 1709 735 1744 tua
755 1700 1123 1763 supervenissent,
1151 1700 1262 1745 sicut
1283 1716 1362 1744 nee
1388 1709 1459 1744 tua
1480 1735 1491 1756 ,
1529 1699 1563 1745 si
1584 1700 1668 1746 alia

298 1781 444 1811 rursus
464 1767 692 1823 irruerint3
720 1781 760 1815 et
779 1781 922 1816 tamen
947 1788 1112 1816 servare
1136 1770 1251 1815 hane
1267 1769 1478 1830 justitiam
1506 1787 1590 1815 non
1613 1771 1667 1816 si-

298 1852 390 1883 nor.
428 1837 535 1883 Nam
561 1857 659 1886 eece
683 1852 729 1886 ut
755 1841 834 1886 tibi
863 1840 962 1887 haee
983 1843 1072 1905 ipsa
1097 1841 1374 1886 rescriberem
1395 1877 1404 1894 ,
1432 1840 1593 1903 quibus
1619 1840 1663 1887 id

298 1905 571 1954 admonerem
598 1947 608 1965 ,
644 1911 853 1958 intermisi
878 1929 978 1976 quae
1005 1912 1182 1972 agebam
1203 1949 1214 1965 ‚
1237 1921 1279 1956 et
1303 1911 1498 1956 animum
1520 1928 1664 1957 meum

298 1976 351 2022 ad
374 1977 489 2024 hanc
513 1981 750 2043 Epistolam
771 1983 825 2028 ab
847 1983 930 2029 alia
953 2001 1105 2043 magna
1132 1981 1369 2028 intentione
1398 1981 1570 2028 detorsi.

362 2049 420 2095 ΙΙ.
452 2051 592 2096 Facile
613 2063 753 2098 autem
777 2053 858 2099 fuit
886 2054 1001 2100 hanc
1028 2054 1362 2102 exeusationem.
1388 2062 1436 2097 ut
1457 2052 1662 2110 arbitror,

295 2136 381 2165 non
406 2119 619 2184 iniquam,
641 2123 792 2170 litteris
823 2124 1005 2170 inditam
1035 2124 1113 2170 tibi
1137 2124 1380 2176 remittere3
1406 2123 1666 2185 respondere

295 2201 440 2236 autem
471 2191 828 2255 inquisitionibus
852 2196 936 2241 tuis
959 2213 1044 2241 non
1068 2195 1127 2240 ita
1151 2193 1275 2239 facile
1303 2203 1363 2238 est
1384 2210 1394 2237 τ
1420 2203 1461 2237 et
1486 2205 1596 2256 puto
1619 2194 1664 2240 in

292 2260 396 2324 ipsis
434 2263 671 2325 opuseuliS,
706 2282 808 2329 quae
832 2283 899 2312 me
931 2283 1046 2312 nune
1078 2264 1409 2311 intentissimum
1447 2262 1660 2319 detinent,

291 2349 378 2377 non
399 2331 598 2379 defutura
617 2335 818 2397 quaedam
834 2335 946 2391 loca,
971 2336 1047 2383 ubi
1063 2336 1162 2382 haec
1183 2336 1274 2398 ipsa
1294 2333 1536 2396 expediam,
1561 2351 1662 2397 quae

291 2403 489 2466 requiris,
516 2404 548 2449 si
568 2404 777 2452 Dominus
793 2406 958 2454 faverit.
996 2407 1091 2453 Jam
1115 2406 1242 2452 etiam
1267 2404 1383 2451 exiis
1401 2403 1662 2467 quaestioni-

290 2474 435 2529 nibus,
464 2491 570 2537 quas
596 2476 725 2522 modo
752 2478 916 2535 misisti,
937 2478 1073 2524 multa
1092 2478 1229 2523 soluta
1249 2486 1348 2522 sunt
1367 2475 1411 2520 in
1435 2475 1492 2519 eis
1514 2473 1655 2532 libris,

284 2560 394 2607 quos
412 2543 606 2590 nondum
632 2546 747 2592 edidi
769 2565 779 2593 ε
806 2548 903 2594 Sive
917 2549 977 2594 cle
994 2550 1231 2604 Trinitate,
1261 2547 1347 2592 sive
1382 2545 1441 2590 de
1466 2547 1649 2593 Genesi.

286 2616 549 2679 Quanquam
574 2627 613 2664 et
634 2616 706 2665 illa
731 2618 762 2664 si
786 2618 961 2680 relegas,
989 2636 1088 2685 quae
1106 2619 1187 2666 tibi
1207 2622 1297 2679 jam
1323 2616 1399 2663 diu
1417 2625 1518 2662 nota
1538 2627 1654 2674 sunt,
