1799 3251
535 275 748 311 ErlsroLA
784 275 939 311 extm.
1373 269 1432 333 93

62 363 213 417 postea
233 351 365 413 digesi
386 363 513 417 atque
537 351 727 407 distinxi,
749 368 838 397 non
852 353 1113 398 confirmans
1136 352 1341 417 aliquam,
1364 357 1437 403 sed

62 424 234 470 interim
257 424 375 487 quod
402 423 579 484 agebam
597 432 856 486 sequestrata
880 421 1052 468 illarum
1070 422 1332 471 discussione
1363 427 1434 473 de-

61 487 299 540 terminans
322 505 368 540 ut
404 510 693 559 quaecumque
720 493 892 539 illarum
931 510 1028 540 vera
1066 506 1185 552 esset,
1216 497 1329 543 Deus
1349 497 1437 545 sine

63 564 201 611 dubio
222 565 488 612 laudaretur.

123 637 199 683 VI.
221 637 319 682 Sive
339 637 451 682 enim
485 654 530 682 ex
552 636 623 682 illa
651 653 735 682 una
769 653 914 681 omnes
936 637 1093 682 animae
1121 650 1433 702 propagentur,

55 707 143 753 sive
162 707 412 767 singillatim
436 707 480 753 in
501 706 678 766 singulis
703 708 827 762 fiant,
847 707 935 752 sive
957 717 1070 752 extra
1090 719 1246 754 creatae
1265 711 1438 757 mittan-

40 814 44 820 .
59 787 143 830 tur,
167 777 312 823 sivein
325 794 510 841 corpora
527 787 679 840 sponte
693 788 940 836 mergantur
957 797 968 830 3
988 778 1145 840 procul
1160 778 1297 825 dubio
1313 798 1437 827 crea-

58 857 152 893 tura
171 847 251 893 ista
270 848 508 903 rationalis,
529 847 651 892 idest
675 847 883 892 humanae
909 847 1065 893 animae
1104 859 1259 895 natura
1279 850 1321 896 in
1345 869 1438 897 cor-

55 917 239 980 poribus
265 917 562 973 inlbrioribus,
606 916 693 962 hoc
717 927 795 973 est,
830 917 1025 973 terrenis,
1069 929 1168 980 post
1209 932 1439 982 peccatum

57 986 256 1033 ordinata
279 987 387 1048 regit
408 1004 568 1051 corpus
584 1003 708 1032 suum
735 1004 823 1032 non
838 987 958 1032 omni
978 986 1108 1033 modo
1137 1006 1215 1052 pro
1240 990 1436 1047 arbitrio,

55 1057 225 1103 interim
242 1058 361 1121 quod
382 1068 551 1103 constat
578 1067 805 1121 peccatum
829 1057 959 1120 primi
977 1057 1182 1106 hominis.
1215 1061 1311 1105 Non
1325 1063 1437 1108 enim

55 1127 225 1174 dictum
257 1139 336 1184 est,
366 1139 464 1192 post
486 1139 715 1192 peccatum
742 1145 866 1174 suum
883 1139 958 1173 aut
979 1139 1129 1191 postea
1141 1147 1271 1193 quam
1284 1149 1438 1194 pccca-

56 1197 143 1251 vit3
177 1197 249 1243 sed
291 1198 459 1244 dictum
490 1209 586 1244 est:
627 1219 646 1240 «
672 1200 776 1244 Post
801 1209 1028 1261 peccatum
1059 1216 1069 1243 :
1101 1221 1120 1241 ι)
1144 1211 1191 1245 ut
1211 1202 1439 1264 quodlibet

55 1279 220 1332 postea,
240 1269 273 1314 si
290 1268 380 1314 fieri
403 1280 562 1333 posset,
581 1268 773 1315 discussa
795 1269 904 1315 ratio
920 1268 1170 1328 declararet,
1188 1272 1273 1317 six-c
1286 1291 1439 1336 pccca-

57 1351 150 1386 tum
182 1343 274 1399 eJus
293 1376 304 1395 ,
329 1340 416 1385 sive
443 1351 674 1403 peccatum
704 1340 896 1403 parentis
917 1341 1188 1401 carnisejus3
1217 1355 1329 1390 recte
1349 1345 1439 1392 dic-

56 1421 151 1456 tum
177 1409 485 1470 intelligeretur
507 1409 627 1473 quod
649 1409 818 1455 dictum
837 1419 898 1455 est
923 1427 933 1454 ι
962 1431 982 1451 α
1001 1410 1105 1455 Post
1143 1425 1370 1475 peccatum
1396 1417 1439 1463 in

57 1479 334 1527 inferioribus
360 1481 624 1544 corporibus
650 1480 849 1526 ordinata
873 1482 982 1541 regit
1000 1497 1160 1544 corpus
1186 1500 1329 1542 suum,
1352 1504 1440 1533 non

58 1550 328 1597 omnimodo
371 1568 452 1615 pro
477 1551 675 1607 arbitrio,
703 1574 720 1592 ›>
739 1552 839 1614 quia
854 1562 895 1596 et
921 1568 1023 1597 caro
1047 1554 1319 1616 concupiscit
1357 1558 1440 1603 ad-

58 1639 203 1669 versus
249 1622 468 1686 spiritum,
509 1632 551 1668 et
597 1622 917 1682 ingemiscimus
953 1623 1119 1682 gravati
1141 1623 1178 1680 1,
1205 1635 1245 1670 ct
1281 1644 1439 1692 corpus

58 1691 180 1756 quod
217 1692 539 1756 corrumpitur,
575 1702 776 1752 aggravat
817 1692 1005 1738 animam
1025 1692 1042 1720 2
1062 1710 1073 1737 ι
1095 1704 1137 1738 et
1165 1695 1260 1757 quis
1292 1700 1437 1745 omnia

58 1774 227 1809 enarret
271 1763 455 1809 carnalis
497 1763 762 1808 infirmitatis
807 1762 1117 1809 incommoda?
1145 1781 1245 1828 quae
1291 1769 1440 1832 utique

60 1851 147 1880 non
174 1843 317 1886 erunt,
357 1850 459 1879 cum
484 1833 772 1896 corruptibile
800 1833 887 1879 hoc
909 1833 1102 1879 induerit
1140 1834 1439 1901 incorruptio-

61 1921 178 1961 nem,
203 1915 251 1950 ut
275 1904 560 1949 absorbeatur
577 1903 756 1949 mortale
776 1921 797 1949 a
817 1904 919 1951 rita.
946 1905 1071 1950 Tunc
1087 1905 1231 1970 itaque
1251 1910 1442 1972 spiritale

23 1978 33 1982 ’
63 1992 223 2039 corpus
244 1982 359 2035 reget
382 1975 497 2021 omni
533 1974 663 2021 modo
703 1992 784 2039 pro
821 1976 1024 2030 arbitri03
1057 1993 1176 2023 nunc
1219 1996 1318 2026 vero
1354 2000 1439 2028 non

63 2046 182 2091 omni
206 2045 354 2102 modo,
383 2045 455 2091 sed
477 2045 589 2091 sicut
612 2045 722 2106 leges
739 2046 1029 2093 univcrsitatis
1051 2047 1213 2105 sinunt,
1235 2067 1314 2113 per
1336 2069 1442 2116 quas

63 2116 346 2162 constitutum
369 2127 447 2171 est,
472 2126 520 2161 ut
537 2133 722 2179 corpora
739 2127 831 2162 orta
847 2115 1069 2173 occidant,
1098 2128 1141 2164 et
1162 2130 1287 2166 aucta
1305 2139 1439 2168 senes-

64 2197 178 2233 cant.
210 2187 322 2232 Nam
358 2186 472 2232 illius
510 2187 640 2250 primi
675 2187 866 2232 hominis
898 2188 1061 2244 anima,
1087 2199 1185 2235 ante
1210 2204 1436 2253 peccatum

64 2257 231 2302 etiamsi
271 2256 466 2302 nondum
511 2257 703 2320 spiritale
736 2275 919 2321 corPUS,
949 2257 1023 2304 sed
1062 2259 1266 2319 animale,
1298 2273 1437 2311 tamen

65 2344 147 2390 pro
163 2326 344 2373 arbitrio
359 2327 546 2386 regebat.
572 2328 675 2374 Post
693 2339 922 2392 peccatum
950 2339 1112 2385 autem,
1134 2329 1267 2389 idest,
1290 2346 1436 2397 postca

64 2411 194 2460 quam
227 2407 450 2460 peccatum
473 2397 517 2443 in
540 2397 613 2443 illa
634 2415 762 2444 carne
789 2397 1066 2445 commissum
1107 2410 1242 2458 esset,
1267 2421 1312 2449 ex
1353 2424 1439 2470 qua

65 2466 271 2531 deinceps
289 2479 607 2531 propagaretur
633 2486 733 2514 caro
755 2468 941 2533 peccati,
972 2469 1116 2516 anima
1139 2473 1360 2521 rationalis
1384 2478 1443 2523 sic

68 2536 473 2584 estininferioribus
491 2540 751 2604 corporibus
770 2539 986 2597 ordinata,
1006 2552 1052 2587 ut
1071 2558 1158 2588 non
1178 2545 1292 2591 omni
1312 2548 1442 2595 modo

116 2621 126 2643 ²
148 2616 252 2653 Galat.
267 2632 298 2664 v,
322 2628 377 2664 ¹7,
396 2625 426 2653 et
446 2630 464 2651 2
484 2620 557 2654 Cor.
578 2634 607 2662 v,
628 2627 657 2658 4.
679 2640 719 2647 —-
737 2620 752 2644 2
772 2623 978 2665 Stap.tx,15.
