1799 3251
327 300 420 349 308
752 317 789 349 S.
829 314 1075 348 Aueusrml
1107 312 1314 347 131>1scor1

328 401 350 426 >³
373 398 451 429 nos
474 382 607 429 chaos
640 397 847 442 magnum
876 382 1097 428 firmatum
1134 391 1220 437 est,
1247 400 1270 422 »
1301 378 1421 436 satis,
1448 388 1497 425 ut
1521 377 1696 442 opinor,

330 463 541 517 appareat
563 469 651 499 non
668 469 753 498 esse
777 452 1010 516 quamdam
1035 461 1202 516 partem
1219 487 1229 506 ,
1253 460 1295 496 et
1311 450 1434 514 quasi
1450 449 1699 495 membrum

325 522 589 579 inferorum,
629 533 764 569 tantae
797 522 912 568 illius
952 523 1170 569 felicitatis
1208 521 1365 566 sinum.
1404 520 1550 565 Chaos
1582 519 1698 564 enim

323 609 531 655 magnum
552 594 659 658 quid
682 604 742 639 est
758 630 769 649 ‚
790 594 871 639 nisi
891 594 1071 658 quidam
1092 594 1238 639 hiatus
1253 629 1263 648 ,
1296 591 1483 637 multum
1504 608 1551 636 ea
1572 607 1698 653 sepa-

319 681 419 710 rans
443 666 556 710 inter
576 682 675 728 quae
699 681 788 710 non
813 665 952 710 solum
974 675 1035 710 cst
1052 702 1062 722 ,
1082 662 1364 710 verumetiam
1388 663 1583 707 firmatus
1603 664 1697 707 est?

319 734 600 799 Quapropter
616 736 649 781 si
665 735 710 781 in
727 735 852 781 illum
871 735 1062 781 Abrahae
1076 735 1218 780 sinum
1234 733 1458 779 Christum
1473 742 1696 778 mortuum

314 805 479 852 venisse
502 816 651 851 sancta
675 806 904 869 Scriptura
931 805 1135 861 dixisset,
1160 822 1248 850 non
1273 803 1497 849 nominato
1527 801 1695 848 inferno

314 878 493 938 ejusque
509 874 738 921 doloribus
756 913 766 932 ,
789 876 925 921 miror
942 876 974 921 si
991 876 1222 940 quisquam
1237 873 1289 920 ad
1314 873 1471 919 inferos
1488 889 1586 918 eum
1602 871 1695 918 des-

315 946 506 992 cendisse
525 963 705 992 asserere
720 946 912 992 auderet.

377 1016 502 1063 Vlll.
538 1017 623 1062 Sed
649 1017 753 1080 quia
771 1017 987 1064 evidentia
1004 1015 1248 1062 testimonia
1273 1025 1314 1060 et
1332 1013 1549 1060 infernum
1575 1029 1693 1058 com-

313 1098 557 1132 memorant
586 1097 626 1133 et
651 1087 845 1143 dolores,
865 1087 986 1132 nulla
1009 1103 1137 1132 causa
1156 1086 1375 1140 occurrit,
1400 1101 1477 1131 cur
1504 1083 1578 1129 illo
1599 1100 1692 1129 cre-

313 1155 442 1202 datur
467 1156 632 1202 venisse
669 1156 884 1213 Salvator,
913 1156 994 1202 nisi
1028 1167 1076 1202 ut
1102 1156 1156 1201 ab
1181 1159 1270 1216 ejus
1304 1154 1531 1200 doloribus
1555 1153 1692 1199 salvos

310 1226 497 1272 faceret:
516 1226 588 1272 sed
605 1237 751 1272 utrum
771 1243 918 1273 omnes
932 1243 1041 1290 quos
1058 1227 1104 1272 in
1121 1227 1179 1272 eis
1198 1227 1382 1281 invenit,
1406 1242 1458 1270 an
1478 1223 1690 1287 quosdam

312 1314 421 1360 quos
454 1297 529 1343 illo
565 1296 778 1343 beneficio
818 1297 971 1358 dignos
1011 1296 1253 1357 judicavit3
1291 1296 1437 1342 adhuc
1472 1294 1645 1358 requiro
1675 1312 1685 1339 :

305 1366 433 1413 fuisse
464 1378 612 1413 tamen
643 1385 743 1414 eum
778 1368 898 1430 apud
924 1366 1107 1423 inferos,
1141 1378 1181 1413 et
1211 1368 1255 1413 in
1289 1383 1438 1412 eorum
1462 1364 1690 1410 doloribus

307 1438 552 1484 constitutis
576 1438 664 1484 hoc
688 1439 950 1484 beneficium
973 1439 1224 1501 praestitisse
1244 1455 1333 1483 non
1356 1437 1530 1482 dubito.
1563 1435 1688 1481 Unde

307 1507 391 1554 illis
409 1508 535 1570 Justis
556 1509 632 1571 qui
657 1510 703 1555 in
726 1509 823 1554 sinu
843 1508 1035 1554 Abrahae
1053 1519 1200 1565 erant,
1232 1525 1334 1554 cum
1361 1506 1433 1553 ille
1456 1507 1501 1551 in
1520 1504 1688 1552 inferna

305 1579 605 1635 descenderet,
633 1578 831 1626 nondum
851 1579 958 1643 quid
986 1580 1238 1625 contulisset
1269 1578 1445 1633 inveni,
1477 1595 1499 1622 a
1525 1577 1688 1639 quibus

305 1666 404 1696 eum
439 1650 681 1696 secundum
709 1650 957 1695 beatificam
993 1650 1271 1712 praesentiam
1306 1665 1394 1694 suae
1434 1647 1687 1693 Divinitatis

305 1734 532 1785 nunquam
560 1719 687 1766 video
711 1721 940 1766 recessisse.
974 1721 1100 1767 Sicut
1125 1720 1253 1766 etiam
1279 1719 1427 1765 eodem
1462 1718 1557 1780 ipso
1584 1717 1681 1774 die,

305 1805 393 1853 quo
413 1799 611 1835 mortuus
636 1800 720 1847 est,
745 1790 945 1853 promisit
965 1790 1148 1842 latroni,
1169 1790 1288 1854 quod
1314 1806 1414 1835 cum
1432 1787 1506 1833 illo
1528 1787 1572 1832 in
1599 1804 1685 1850 pa-

304 1861 449 1906 radiso
472 1861 621 1907 fuisset
645 1861 864 1917 futurus1‚
889 1861 1067 1925 quando
1099 1861 1152 1906 ad
1179 1860 1408 1907 solvendos
1428 1858 1584 1904 inferni
1602 1858 1685 1904 do-

305 1931 416 1978 lores
432 1930 573 1977 fuerat
590 1930 886 1978 descensurus
912 1931 1113 1978 Profecto
1130 1932 1260 1991 igitur
1274 1932 1318 1977 in
1334 1929 1534 1994 paradiso
1555 1939 1684 1992 atque

305 2002 402 2048 sinu
417 2002 636 2058 Abrahae,
654 2003 783 2049 etiam
803 2012 900 2048 ante
921 2006 1012 2063 jam
1038 2003 1422 2048 eratbeatificante
1450 1999 1678 2063 sapientia,

305 2082 348 2118 et
380 2071 499 2135 apud
530 2071 688 2118 inferos
713 2072 943 2133 judicante
976 2072 1186 2136 potentia.
1228 2072 1317 2117 Ubi
1355 2072 1469 2116 enim
1507 2087 1593 2114 non
1621 2080 1683 2115 est

306 2142 428 2188 nullo
467 2141 564 2189 loco
596 2143 764 2189 obsessa
809 2141 1054 2189 Divinitas?
1096 2144 1404 2188 Verumtamen
1441 2139 1680 2185 secundum

306 2223 547 2261 creaturam
566 2251 577 2270 ,
597 2230 729 2276 quam
753 2231 800 2260 ex
825 2214 1014 2277 quodam
1042 2225 1239 2276 tempore
1262 2211 1537 2275 suscipiendo
1552 2248 1562 2267 ,
1582 2227 1680 2256 ma-

303 2299 407 2329 nens
432 2284 547 2329 Deus
571 2282 706 2329 homo
725 2282 867 2329 factus
890 2295 977 2341 est,
1005 2284 1091 2330 hoc
1110 2294 1171 2329 est
1186 2321 1196 2339 ,
1219 2282 1460 2329 secundum
1492 2281 1679 2326 animam

306 2369 405 2400 eum
437 2353 565 2399 fuisse
589 2353 708 2417 apud
740 2354 896 2400 inferos
915 2392 925 2410 ,
965 2365 1109 2418 aperte
1136 2354 1364 2418 Scriptura
1390 2352 1608 2406 declarat,
1637 2361 1679 2397 et

304 2441 383 2489 per
402 2424 680 2488 prophetiam
697 2425 917 2488 praemissa
931 2463 943 2483 ,
964 2437 1006 2472 et
1020 2444 1097 2490 per
1110 2426 1396 2489 apostolicum
1412 2422 1678 2469 intellectum

305 2495 406 2541 satis
419 2495 608 2560 exposita
623 2532 634 2551 ,
651 2512 738 2558 qua
752 2495 919 2543 dictum
935 2506 998 2543 est
1015 2515 1026 2542 ε
1044 2517 1065 2539 ε(
1081 2495 1181 2542 Non
1199 2495 1470 2560 derelinques
1486 2492 1677 2540 animam

302 2586 325 2609 »
345 2581 486 2612 meam
508 2564 554 2610 in
574 2565 788 2613 inferno?
815 2586 837 2608 »

351 2645 364 2671 ¹
381 2644 460 2680 Luc.
477 2657 576 2686 xxm,
595 2649 706 2687 43.—
718 2646 734 2672 2
748 2648 832 2684 Psal.
847 2659 902 2690 xv,
918 2660 972 2685 10.
