<?xml version="1.0" encoding="UTF-8"?>
<!DOCTYPE html PUBLIC "-//W3C//DTD XHTML 1.0 Transitional//EN"
    "http://www.w3.org/TR/xhtml1/DTD/xhtml1-transitional.dtd">
<html xmlns="http://www.w3.org/1999/xhtml" xml:lang="en" lang="en">
 <head>
  <title>
</title>
<meta http-equiv="Content-Type" content="text/html;charset=utf-8" />
  <meta name='ocr-system' content='tesseract 3.04.00' />
  <meta name='ocr-capabilities' content='ocr_page ocr_carea ocr_par ocr_line ocrx_word'/>
</head>
<body>
  <div class='ocr_page' id='page_1' title='image "./operaomniaaccura40auguuoft/operaomniaaccura40auguuoft_0365.png"; bbox 0 0 1799 3251; ppageno 0'>
   <div class='ocr_carea' id='block_1_1' title="bbox 548 287 1455 345">
    <p class='ocr_par' dir='ltr' id='par_1_1' title="bbox 548 287 1455 345">
     <span class='ocr_line' id='line_1_1' title="bbox 548 287 1455 345; baseline 0.01 -20"><span class='ocrx_word' id='word_1_1' title='bbox 548 295 761 345; x_wconf 69' lang='grc' dir='ltr'>ΕΡῙεΤοιΑι</span> <span class='ocrx_word' id='word_1_2' title='bbox 795 296 958 338; x_wconf 65' lang='grc' dir='ltr'>αιΧγΗ.</span> <span class='ocrx_word' id='word_1_3' title='bbox 1363 287 1455 334; x_wconf 85' lang='grc'>355</span> 
     </span>
    </p>
   </div>
   <div class='ocr_carea' id='block_1_2' title="bbox 77 360 1478 2533">
    <p class='ocr_par' dir='ltr' id='par_1_2' title="bbox 77 360 1462 919">
     <span class='ocr_line' id='line_1_2' title="bbox 77 360 1453 425; baseline 0.006 -19"><span class='ocrx_word' id='word_1_4' title='bbox 77 360 139 424; x_wconf 75' lang='lat' dir='ltr'>sic</span> <span class='ocrx_word' id='word_1_5' title='bbox 170 371 314 425; x_wconf 78' lang='lat' dir='ltr'>potest</span> <span class='ocrx_word' id='word_1_6' title='bbox 340 360 429 409; x_wconf 85' lang='lat' dir='ltr'>dici</span> <span class='ocrx_word' id='word_1_7' title='bbox 442 361 604 408; x_wconf 87' lang='lat' dir='ltr'>habere</span> <span class='ocrx_word' id='word_1_8' title='bbox 624 361 752 407; x_wconf 86' lang='lat' dir='ltr'>aliam</span> <span class='ocrx_word' id='word_1_9' title='bbox 785 372 825 409; x_wconf 85' lang='lat' dir='ltr'>et</span> <span class='ocrx_word' id='word_1_10' title='bbox 844 362 970 410; x_wconf 85' lang='lat' dir='ltr'>aliam</span> <span class='ocrx_word' id='word_1_11' title='bbox 991 380 1079 410; x_wconf 88' lang='lat' dir='ltr'>non</span> <span class='ocrx_word' id='word_1_12' title='bbox 1116 364 1297 422; x_wconf 87' lang='lat' dir='ltr'>habere,</span> <span class='ocrx_word' id='word_1_13' title='bbox 1324 367 1453 414; x_wconf 83' lang='lat' dir='ltr'>aliam</span> 
     </span>
     <span class='ocr_line' id='line_1_3' title="bbox 79 431 1458 499; baseline 0.006 -23"><span class='ocrx_word' id='word_1_14' title='bbox 79 432 232 492; x_wconf 86' lang='lat' dir='ltr'>magis,</span> <span class='ocrx_word' id='word_1_15' title='bbox 263 431 389 477; x_wconf 87' lang='lat' dir='ltr'>aliam</span> <span class='ocrx_word' id='word_1_16' title='bbox 422 432 566 479; x_wconf 86' lang='lat' dir='ltr'>minus</span> <span class='ocrx_word' id='word_1_17' title='bbox 591 432 754 494; x_wconf 80' lang='lat' dir='ltr'>habere</span> <span class='ocrx_word' id='word_1_18' title='bbox 778 433 1000 481; x_wconf 82' lang='lat' dir='ltr'>virtutem.</span> <span class='ocrx_word' id='word_1_19' title='bbox 1034 435 1144 489; x_wconf 75' lang='lat' dir='ltr'>Nam</span> <span class='ocrx_word' id='word_1_20' title='bbox 1173 447 1213 481; x_wconf 89' lang='lat' dir='ltr'>et</span> <span class='ocrx_word' id='word_1_21' title='bbox 1237 441 1376 499; x_wconf 77' lang='lat' dir='ltr'>major</span> <span class='ocrx_word' id='word_1_22' title='bbox 1395 449 1458 484; x_wconf 89' lang='lat' dir='ltr'>est</span> 
     </span>
     <span class='ocr_line' id='line_1_4' title="bbox 79 496 1459 567; baseline 0.006 -21"><span class='ocrx_word' id='word_1_23' title='bbox 79 501 124 547; x_wconf 88' lang='lat' dir='ltr'>in</span> <span class='ocrx_word' id='word_1_24' title='bbox 144 496 225 546; x_wconf 86' lang='lat' dir='ltr'>isto</span> <span class='ocrx_word' id='word_1_25' title='bbox 251 501 458 558; x_wconf 81' lang='lat' dir='ltr'>charitas,</span> <span class='ocrx_word' id='word_1_26' title='bbox 491 520 622 566; x_wconf 83' lang='lat' dir='ltr'>quam</span> <span class='ocrx_word' id='word_1_27' title='bbox 644 504 688 548; x_wconf 88' lang='lat' dir='ltr'>in</span> <span class='ocrx_word' id='word_1_28' title='bbox 710 503 801 559; x_wconf 86' lang='lat' dir='ltr'>illo,</span> <span class='ocrx_word' id='word_1_29' title='bbox 824 515 937 561; x_wconf 86' lang='lat' dir='ltr'>recte</span> <span class='ocrx_word' id='word_1_30' title='bbox 960 522 1186 567; x_wconf 83' lang='lat' dir='ltr'>possumus</span> <span class='ocrx_word' id='word_1_31' title='bbox 1210 507 1381 559; x_wconf 85' lang='lat' dir='ltr'>dicere;</span> <span class='ocrx_word' id='word_1_32' title='bbox 1416 519 1459 554; x_wconf 85' lang='lat' dir='ltr'>et</span> 
     </span>
     <span class='ocr_line' id='line_1_5' title="bbox 82 571 1458 638; baseline 0.005 -21"><span class='ocrx_word' id='word_1_33' title='bbox 82 571 226 636; x_wconf 84' lang='lat' dir='ltr'>aliqua</span> <span class='ocrx_word' id='word_1_34' title='bbox 249 572 292 618; x_wconf 92' lang='lat' dir='ltr'>in</span> <span class='ocrx_word' id='word_1_35' title='bbox 310 573 410 628; x_wconf 86' lang='lat' dir='ltr'>isto,</span> <span class='ocrx_word' id='word_1_36' title='bbox 440 574 559 620; x_wconf 86' lang='lat' dir='ltr'>nulla</span> <span class='ocrx_word' id='word_1_37' title='bbox 578 575 622 619; x_wconf 88' lang='lat' dir='ltr'>in</span> <span class='ocrx_word' id='word_1_38' title='bbox 640 574 732 635; x_wconf 78' lang='lat' dir='ltr'>illo,</span> <span class='ocrx_word' id='word_1_39' title='bbox 756 586 968 636; x_wconf 83' lang='lat' dir='ltr'>quantum</span> <span class='ocrx_word' id='word_1_40' title='bbox 999 576 1186 638; x_wconf 80' lang='lat' dir='ltr'>pertinet</span> <span class='ocrx_word' id='word_1_41' title='bbox 1216 577 1269 623; x_wconf 83' lang='lat' dir='ltr'>ad</span> <span class='ocrx_word' id='word_1_42' title='bbox 1306 579 1458 624; x_wconf 83' lang='lat' dir='ltr'>chari-</span> 
     </span>
     <span class='ocr_line' id='line_1_6' title="bbox 81 643 1455 710; baseline 0.006 -24"><span class='ocrx_word' id='word_1_43' title='bbox 81 651 230 703; x_wconf 74' lang='lat' dir='ltr'>tatem,</span> <span class='ocrx_word' id='word_1_44' title='bbox 254 659 352 705; x_wconf 83' lang='lat' dir='ltr'>quae</span> <span class='ocrx_word' id='word_1_45' title='bbox 371 643 507 706; x_wconf 80' lang='lat' dir='ltr'>pietas</span> <span class='ocrx_word' id='word_1_46' title='bbox 530 654 619 689; x_wconf 86' lang='lat' dir='ltr'>est:</span> <span class='ocrx_word' id='word_1_47' title='bbox 657 655 699 689; x_wconf 91' lang='lat' dir='ltr'>et</span> <span class='ocrx_word' id='word_1_48' title='bbox 720 644 765 689; x_wconf 87' lang='lat' dir='ltr'>in</span> <span class='ocrx_word' id='word_1_49' title='bbox 787 645 881 707; x_wconf 75' lang='lat' dir='ltr'>ipso</span> <span class='ocrx_word' id='word_1_50' title='bbox 918 661 1004 690; x_wconf 84' lang='lat' dir='ltr'>uno</span> <span class='ocrx_word' id='word_1_51' title='bbox 1029 645 1207 698; x_wconf 80' lang='lat' dir='ltr'>homine</span> <span class='ocrx_word' id='word_1_52' title='bbox 1223 648 1341 710; x_wconf 84' lang='lat' dir='ltr'>quod</span> <span class='ocrx_word' id='word_1_53' title='bbox 1367 666 1455 694; x_wconf 83' lang='lat' dir='ltr'>ma-</span> 
     </span>
     <span class='ocr_line' id='line_1_7' title="bbox 77 712 1458 778; baseline 0.007 -23"><span class='ocrx_word' id='word_1_54' title='bbox 77 712 216 774; x_wconf 86' lang='lat' dir='ltr'>jorem</span> <span class='ocrx_word' id='word_1_55' title='bbox 250 712 414 758; x_wconf 79' lang='lat' dir='ltr'>habeat</span> <span class='ocrx_word' id='word_1_56' title='bbox 433 714 692 777; x_wconf 71' lang='lat' dir='ltr'>pudicitiam</span> <span class='ocrx_word' id='word_1_57' title='bbox 727 731 858 776; x_wconf 83' lang='lat' dir='ltr'>quain</span> <span class='ocrx_word' id='word_1_58' title='bbox 879 715 1152 778; x_wconf 86' lang='lat' dir='ltr'>patientiam,</span> <span class='ocrx_word' id='word_1_59' title='bbox 1177 726 1218 761; x_wconf 85' lang='lat' dir='ltr'>et</span> <span class='ocrx_word' id='word_1_60' title='bbox 1252 722 1458 778; x_wconf 82' lang='lat' dir='ltr'>majorem</span> 
     </span>
     <span class='ocr_line' id='line_1_8' title="bbox 83 780 1462 848; baseline 0.007 -22"><span class='ocrx_word' id='word_1_61' title='bbox 83 780 217 845; x_wconf 82' lang='lat' dir='ltr'>hodie</span> <span class='ocrx_word' id='word_1_62' title='bbox 240 799 370 845; x_wconf 85' lang='lat' dir='ltr'>quam</span> <span class='ocrx_word' id='word_1_63' title='bbox 388 784 498 841; x_wconf 87' lang='lat' dir='ltr'>heri,</span> <span class='ocrx_word' id='word_1_64' title='bbox 529 785 562 830; x_wconf 89' lang='lat' dir='ltr'>si</span> <span class='ocrx_word' id='word_1_65' title='bbox 584 785 790 848; x_wconf 79' lang='lat' dir='ltr'>proficit3</span> <span class='ocrx_word' id='word_1_66' title='bbox 816 795 858 829; x_wconf 87' lang='lat' dir='ltr'>et</span> <span class='ocrx_word' id='word_1_67' title='bbox 874 784 1022 830; x_wconf 85' lang='lat' dir='ltr'>adhuc</span> <span class='ocrx_word' id='word_1_68' title='bbox 1038 802 1123 829; x_wconf 84' lang='lat' dir='ltr'>non</span> <span class='ocrx_word' id='word_1_69' title='bbox 1140 785 1299 836; x_wconf 81' lang='lat' dir='ltr'>habeat</span> <span class='ocrx_word' id='word_1_70' title='bbox 1317 788 1462 835; x_wconf 87' lang='lat' dir='ltr'>conti-</span> 
     </span>
     <span class='ocr_line' id='line_1_9' title="bbox 84 852 1259 919; baseline 0.003 -21"><span class='ocrx_word' id='word_1_71' title='bbox 84 852 296 911; x_wconf 81' lang='lat' dir='ltr'>nentiam,</span> <span class='ocrx_word' id='word_1_72' title='bbox 323 865 363 899; x_wconf 86' lang='lat' dir='ltr'>et</span> <span class='ocrx_word' id='word_1_73' title='bbox 383 854 544 906; x_wconf 84' lang='lat' dir='ltr'>habeat</span> <span class='ocrx_word' id='word_1_74' title='bbox 566 873 655 901; x_wconf 87' lang='lat' dir='ltr'>non</span> <span class='ocrx_word' id='word_1_75' title='bbox 692 872 873 919; x_wconf 82' lang='lat' dir='ltr'>parvam</span> <span class='ocrx_word' id='word_1_76' title='bbox 902 855 1259 905; x_wconf 82' lang='lat' dir='ltr'>misericordiam.</span> 
     </span>
    </p>

    <p class='ocr_par' dir='ltr' id='par_1_3' title="bbox 87 923 1478 2464">
     <span class='ocr_line' id='line_1_10' title="bbox 148 923 1464 991; baseline 0.005 -23"><span class='ocrx_word' id='word_1_77' title='bbox 148 923 244 981; x_wconf 80' lang='lat' dir='ltr'>XV.</span> <span class='ocrx_word' id='word_1_78' title='bbox 287 925 343 975; x_wconf 82' lang='lat' dir='ltr'>Et</span> <span class='ocrx_word' id='word_1_79' title='bbox 369 936 415 971; x_wconf 76' lang='lat' dir='ltr'>ut</span> <span class='ocrx_word' id='word_1_80' title='bbox 438 926 690 986; x_wconf 76' lang='lat' dir='ltr'>generaliter</span> <span class='ocrx_word' id='word_1_81' title='bbox 713 926 986 989; x_wconf 74' lang='lat' dir='ltr'>breviterque</span> <span class='ocrx_word' id='word_1_82' title='bbox 1019 925 1304 989; x_wconf 82' lang='lat' dir='ltr'>complectar,</span> <span class='ocrx_word' id='word_1_83' title='bbox 1331 945 1464 991; x_wconf 72' lang='lat' dir='ltr'>quam</span> 
     </span>
     <span class='ocr_line' id='line_1_11' title="bbox 87 991 1466 1059; baseline 0.006 -22"><span class='ocrx_word' id='word_1_84' title='bbox 87 991 140 1054; x_wconf 89' lang='lat' dir='ltr'>de</span> <span class='ocrx_word' id='word_1_85' title='bbox 161 992 319 1057; x_wconf 72' lang='lat' dir='ltr'>virtute</span> <span class='ocrx_word' id='word_1_86' title='bbox 344 995 528 1041; x_wconf 82' lang='lat' dir='ltr'>habeam</span> <span class='ocrx_word' id='word_1_87' title='bbox 553 998 774 1057; x_wconf 86' lang='lat' dir='ltr'>notionem</span> <span class='ocrx_word' id='word_1_88' title='bbox 795 1033 805 1051; x_wconf 84' lang='lat'><strong>‚</strong></span> <span class='ocrx_word' id='word_1_89' title='bbox 833 996 952 1059; x_wconf 86' lang='lat' dir='ltr'>quod</span> <span class='ocrx_word' id='word_1_90' title='bbox 995 995 1048 1041; x_wconf 83' lang='lat' dir='ltr'>ad</span> <span class='ocrx_word' id='word_1_91' title='bbox 1083 1008 1197 1042; x_wconf 85' lang='lat' dir='ltr'>recte</span> <span class='ocrx_word' id='word_1_92' title='bbox 1229 998 1466 1045; x_wconf 81' lang='lat' dir='ltr'>vivendum</span> 
     </span>
     <span class='ocr_line' id='line_1_12' title="bbox 89 1063 1471 1129; baseline 0.006 -22"><span class='ocrx_word' id='word_1_93' title='bbox 89 1063 253 1124; x_wconf 78' lang='lat' dir='ltr'>attinet.</span> <span class='ocrx_word' id='word_1_94' title='bbox 286 1065 431 1111; x_wconf 80' lang='lat' dir='ltr'>Virtus</span> <span class='ocrx_word' id='word_1_95' title='bbox 450 1077 511 1112; x_wconf 86' lang='lat' dir='ltr'>est</span> <span class='ocrx_word' id='word_1_96' title='bbox 537 1067 745 1122; x_wconf 75' lang='lat' dir='ltr'>charitas,</span> <span class='ocrx_word' id='word_1_97' title='bbox 768 1083 854 1129; x_wconf 90' lang='lat' dir='ltr'>qua</span> <span class='ocrx_word' id='word_1_98' title='bbox 886 1066 929 1113; x_wconf 87' lang='lat' dir='ltr'>id</span> <span class='ocrx_word' id='word_1_99' title='bbox 957 1066 1074 1129; x_wconf 77' lang='lat' dir='ltr'>quod</span> <span class='ocrx_word' id='word_1_100' title='bbox 1115 1066 1383 1127; x_wconf 82' lang='lat' dir='ltr'>diligendum</span> <span class='ocrx_word' id='word_1_101' title='bbox 1409 1080 1471 1115; x_wconf 83' lang='lat' dir='ltr'>est</span> 
     </span>
     <span class='ocr_line' id='line_1_13' title="bbox 89 1131 1472 1196; baseline 0.007 -19"><span class='ocrx_word' id='word_1_102' title='bbox 89 1131 303 1190; x_wconf 80' lang='lat' dir='ltr'>diligitur.</span> <span class='ocrx_word' id='word_1_103' title='bbox 334 1136 443 1182; x_wconf 78' lang='lat' dir='ltr'>Haec</span> <span class='ocrx_word' id='word_1_104' title='bbox 465 1136 510 1182; x_wconf 87' lang='lat' dir='ltr'>in</span> <span class='ocrx_word' id='word_1_105' title='bbox 528 1136 619 1182; x_wconf 78' lang='lat' dir='ltr'>aliis</span> <span class='ocrx_word' id='word_1_106' title='bbox 636 1140 791 1196; x_wconf 81' lang='lat' dir='ltr'>major,</span> <span class='ocrx_word' id='word_1_107' title='bbox 809 1137 856 1181; x_wconf 89' lang='lat' dir='ltr'>in</span> <span class='ocrx_word' id='word_1_108' title='bbox 873 1135 964 1180; x_wconf 87' lang='lat' dir='ltr'>aliis</span> <span class='ocrx_word' id='word_1_109' title='bbox 983 1137 1143 1192; x_wconf 82' lang='lat' dir='ltr'>minor,</span> <span class='ocrx_word' id='word_1_110' title='bbox 1167 1139 1211 1182; x_wconf 86' lang='lat' dir='ltr'>in</span> <span class='ocrx_word' id='word_1_111' title='bbox 1237 1137 1330 1184; x_wconf 82' lang='lat' dir='ltr'>aliis</span> <span class='ocrx_word' id='word_1_112' title='bbox 1350 1139 1472 1186; x_wconf 87' lang='lat' dir='ltr'>nulla</span> 
     </span>
     <span class='ocr_line' id='line_1_14' title="bbox 91 1204 1474 1271; baseline 0.005 -23"><span class='ocrx_word' id='word_1_113' title='bbox 91 1212 166 1250; x_wconf 89' lang='lat' dir='ltr'>est.</span> <span class='ocrx_word' id='word_1_114' title='bbox 189 1204 444 1251; x_wconf 84' lang='lat' dir='ltr'>Plenissima</span> <span class='ocrx_word' id='word_1_115' title='bbox 467 1224 567 1253; x_wconf 88' lang='lat' dir='ltr'>vero</span> <span class='ocrx_word' id='word_1_116' title='bbox 590 1224 690 1270; x_wconf 84' lang='lat' dir='ltr'>quae</span> <span class='ocrx_word' id='word_1_117' title='bbox 715 1211 803 1266; x_wconf 79' lang='lat' dir='ltr'>jam</span> <span class='ocrx_word' id='word_1_118' title='bbox 825 1224 911 1252; x_wconf 88' lang='lat' dir='ltr'>non</span> <span class='ocrx_word' id='word_1_119' title='bbox 928 1206 1062 1269; x_wconf 83' lang='lat' dir='ltr'>possit</span> <span class='ocrx_word' id='word_1_120' title='bbox 1084 1207 1249 1266; x_wconf 79' lang='lat' dir='ltr'>augeri,</span> <span class='ocrx_word' id='word_1_121' title='bbox 1276 1209 1474 1271; x_wconf 84' lang='lat' dir='ltr'>quandiu</span> 
     </span>
     <span class='ocr_line' id='line_1_15' title="bbox 91 1273 1471 1342; baseline 0.004 -23"><span class='ocrx_word' id='word_1_122' title='bbox 91 1273 166 1319; x_wconf 87' lang='lat' dir='ltr'>hic</span> <span class='ocrx_word' id='word_1_123' title='bbox 183 1274 315 1321; x_wconf 86' lang='lat' dir='ltr'>homo</span> <span class='ocrx_word' id='word_1_124' title='bbox 337 1277 460 1332; x_wconf 81' lang='lat' dir='ltr'>vivit,</span> <span class='ocrx_word' id='word_1_125' title='bbox 482 1288 542 1323; x_wconf 88' lang='lat' dir='ltr'>est</span> <span class='ocrx_word' id='word_1_126' title='bbox 560 1278 785 1323; x_wconf 74' lang='lat' dir='ltr'>innomine</span> <span class='ocrx_word' id='word_1_127' title='bbox 812 1276 1035 1340; x_wconf 82' lang='lat' dir='ltr'>:quandiu</span> <span class='ocrx_word' id='word_1_128' title='bbox 1061 1288 1204 1323; x_wconf 85' lang='lat' dir='ltr'>autem</span> <span class='ocrx_word' id='word_1_129' title='bbox 1225 1280 1369 1338; x_wconf 82' lang='lat' dir='ltr'>augeri</span> <span class='ocrx_word' id='word_1_130' title='bbox 1391 1297 1471 1342; x_wconf 58' lang='lat' dir='ltr'>por</span> 
     </span>
     <span class='ocr_line' id='line_1_16' title="bbox 94 1346 1473 1411; baseline 0.005 -22"><span class='ocrx_word' id='word_1_131' title='bbox 94 1354 193 1403; x_wconf 82' lang='lat' dir='ltr'>test,</span> <span class='ocrx_word' id='word_1_132' title='bbox 215 1346 411 1408; x_wconf 87' lang='lat' dir='ltr'>profecto</span> <span class='ocrx_word' id='word_1_133' title='bbox 429 1347 556 1404; x_wconf 84' lang='lat' dir='ltr'>illud,</span> <span class='ocrx_word' id='word_1_134' title='bbox 584 1348 705 1411; x_wconf 85' lang='lat' dir='ltr'>quod</span> <span class='ocrx_word' id='word_1_135' title='bbox 727 1349 869 1394; x_wconf 86' lang='lat' dir='ltr'>minus</span> <span class='ocrx_word' id='word_1_136' title='bbox 890 1358 951 1392; x_wconf 84' lang='lat' dir='ltr'>est</span> <span class='ocrx_word' id='word_1_137' title='bbox 973 1364 1104 1410; x_wconf 86' lang='lat' dir='ltr'>quam</span> <span class='ocrx_word' id='word_1_138' title='bbox 1131 1347 1277 1399; x_wconf 81' lang='lat' dir='ltr'>debet,</span> <span class='ocrx_word' id='word_1_139' title='bbox 1303 1367 1349 1395; x_wconf 88' lang='lat' dir='ltr'>ex</span> <span class='ocrx_word' id='word_1_140' title='bbox 1366 1351 1473 1397; x_wconf 88' lang='lat' dir='ltr'>vitio</span> 
     </span>
     <span class='ocr_line' id='line_1_17' title="bbox 94 1417 1473 1480; baseline 0.004 -20"><span class='ocrx_word' id='word_1_141' title='bbox 94 1425 171 1461; x_wconf 88' lang='lat' dir='ltr'>est.</span> <span class='ocrx_word' id='word_1_142' title='bbox 203 1419 259 1461; x_wconf 82' lang='lat' dir='ltr'>Ex</span> <span class='ocrx_word' id='word_1_143' title='bbox 271 1434 359 1480; x_wconf 87' lang='lat' dir='ltr'>quo</span> <span class='ocrx_word' id='word_1_144' title='bbox 372 1418 478 1480; x_wconf 83' lang='lat' dir='ltr'>vitio</span> <span class='ocrx_word' id='word_1_145' title='bbox 496 1435 584 1463; x_wconf 88' lang='lat' dir='ltr'>non</span> <span class='ocrx_word' id='word_1_146' title='bbox 601 1422 816 1478; x_wconf 85' lang='lat' dir='ltr'>estjustus</span> <span class='ocrx_word' id='word_1_147' title='bbox 837 1418 879 1462; x_wconf 84' lang='lat' dir='ltr'>in</span> <span class='ocrx_word' id='word_1_148' title='bbox 899 1428 1032 1471; x_wconf 78' lang='lat' dir='ltr'>terra,</span> <span class='ocrx_word' id='word_1_149' title='bbox 1049 1417 1125 1480; x_wconf 84' lang='lat' dir='ltr'>qui</span> <span class='ocrx_word' id='word_1_150' title='bbox 1143 1417 1273 1465; x_wconf 76' lang='lat' dir='ltr'>faciat</span> <span class='ocrx_word' id='word_1_151' title='bbox 1288 1419 1473 1479; x_wconf 85' lang='lat' dir='ltr'>bonum,</span> 
     </span>
     <span class='ocr_line' id='line_1_18' title="bbox 94 1487 1477 1552; baseline 0.004 -22"><span class='ocrx_word' id='word_1_152' title='bbox 94 1495 137 1530; x_wconf 89' lang='lat' dir='ltr'>et</span> <span class='ocrx_word' id='word_1_153' title='bbox 155 1502 244 1531; x_wconf 89' lang='lat' dir='ltr'>non</span> <span class='ocrx_word' id='word_1_154' title='bbox 261 1487 464 1550; x_wconf 78' lang='lat' dir='ltr'>peccet1.</span> <span class='ocrx_word' id='word_1_155' title='bbox 495 1489 556 1534; x_wconf 84' lang='lat' dir='ltr'>Ex</span> <span class='ocrx_word' id='word_1_156' title='bbox 584 1505 670 1551; x_wconf 88' lang='lat' dir='ltr'>quo</span> <span class='ocrx_word' id='word_1_157' title='bbox 705 1488 810 1534; x_wconf 82' lang='lat' dir='ltr'>vitio</span> <span class='ocrx_word' id='word_1_158' title='bbox 835 1487 1150 1547; x_wconf 83' lang='lat' dir='ltr'>justificabitur</span> <span class='ocrx_word' id='word_1_159' title='bbox 1174 1488 1219 1533; x_wconf 90' lang='lat' dir='ltr'>in</span> <span class='ocrx_word' id='word_1_160' title='bbox 1239 1501 1477 1552; x_wconf 72' lang='lat' dir='ltr'>conspectu</span> 
     </span>
     <span class='ocr_line' id='line_1_19' title="bbox 96 1555 1475 1621; baseline 0.005 -21"><span class='ocrx_word' id='word_1_161' title='bbox 96 1555 177 1601; x_wconf 90' lang='lat' dir='ltr'>Dei</span> <span class='ocrx_word' id='word_1_162' title='bbox 212 1558 352 1611; x_wconf 85' lang='lat' dir='ltr'>omnis</span> <span class='ocrx_word' id='word_1_163' title='bbox 380 1559 570 1606; x_wconf 75' lang='lat' dir='ltr'>vivens2.</span> <span class='ocrx_word' id='word_1_164' title='bbox 603 1561 790 1621; x_wconf 85' lang='lat' dir='ltr'>Propter</span> <span class='ocrx_word' id='word_1_165' title='bbox 815 1557 934 1621; x_wconf 90' lang='lat' dir='ltr'>quod</span> <span class='ocrx_word' id='word_1_166' title='bbox 958 1558 1134 1613; x_wconf 74' lang='lat' dir='ltr'>vitium,</span> <span class='ocrx_word' id='word_1_167' title='bbox 1177 1558 1211 1604; x_wconf 88' lang='lat' dir='ltr'>si</span> <span class='ocrx_word' id='word_1_168' title='bbox 1242 1558 1475 1607; x_wconf 73' lang='lat' dir='ltr'>dixerimus</span> 
     </span>
     <span class='ocr_line' id='line_1_20' title="bbox 96 1625 1471 1690; baseline 0.004 -20"><span class='ocrx_word' id='word_1_169' title='bbox 96 1625 215 1688; x_wconf 85' lang='lat' dir='ltr'>quod</span> <span class='ocrx_word' id='word_1_170' title='bbox 238 1639 467 1690; x_wconf 81' lang='lat' dir='ltr'>peccatum</span> <span class='ocrx_word' id='word_1_171' title='bbox 493 1647 579 1674; x_wconf 90' lang='lat' dir='ltr'>non</span> <span class='ocrx_word' id='word_1_172' title='bbox 605 1629 839 1682; x_wconf 84' lang='lat' dir='ltr'>habemus,</span> <span class='ocrx_word' id='word_1_173' title='bbox 883 1629 1167 1690; x_wconf 83' lang='lat' dir='ltr'>nosmetipsos</span> <span class='ocrx_word' id='word_1_174' title='bbox 1208 1628 1471 1687; x_wconf 74' lang='lat' dir='ltr'>seducimus,</span> 
     </span>
     <span class='ocr_line' id='line_1_21' title="bbox 97 1698 1476 1762; baseline 0.003 -21"><span class='ocrx_word' id='word_1_175' title='bbox 97 1707 140 1742; x_wconf 88' lang='lat' dir='ltr'>et</span> <span class='ocrx_word' id='word_1_176' title='bbox 163 1698 321 1744; x_wconf 84' lang='lat' dir='ltr'>veritas</span> <span class='ocrx_word' id='word_1_177' title='bbox 346 1700 391 1745; x_wconf 89' lang='lat' dir='ltr'>in</span> <span class='ocrx_word' id='word_1_178' title='bbox 415 1700 542 1745; x_wconf 85' lang='lat' dir='ltr'>nobis</span> <span class='ocrx_word' id='word_1_179' title='bbox 564 1717 654 1745; x_wconf 89' lang='lat' dir='ltr'>non</span> <span class='ocrx_word' id='word_1_180' title='bbox 689 1710 750 1754; x_wconf 81' lang='lat' dir='ltr'>est</span> <span class='ocrx_word' id='word_1_181' title='bbox 774 1698 806 1745; x_wconf 76' lang='lat'>3.</span> <span class='ocrx_word' id='word_1_182' title='bbox 838 1699 1025 1760; x_wconf 87' lang='lat' dir='ltr'>Propter</span> <span class='ocrx_word' id='word_1_183' title='bbox 1046 1698 1167 1761; x_wconf 86' lang='lat' dir='ltr'>quod</span> <span class='ocrx_word' id='word_1_184' title='bbox 1192 1699 1317 1747; x_wconf 85' lang='lat' dir='ltr'>etiam</span> <span class='ocrx_word' id='word_1_185' title='bbox 1340 1717 1476 1762; x_wconf 88' lang='lat' dir='ltr'>quan-</span> 
     </span>
     <span class='ocr_line' id='line_1_22' title="bbox 95 1767 1476 1833; baseline 0.003 -21"><span class='ocrx_word' id='word_1_186' title='bbox 95 1767 300 1823; x_wconf 78' lang='lat' dir='ltr'>tumlibet</span> <span class='ocrx_word' id='word_1_187' title='bbox 313 1769 637 1833; x_wconf 84' lang='lat' dir='ltr'>profecerimus,</span> <span class='ocrx_word' id='word_1_188' title='bbox 651 1768 942 1814; x_wconf 83' lang='lat' dir='ltr'>necessarium</span> <span class='ocrx_word' id='word_1_189' title='bbox 960 1779 1022 1812; x_wconf 83' lang='lat' dir='ltr'>est</span> <span class='ocrx_word' id='word_1_190' title='bbox 1043 1768 1170 1813; x_wconf 73' lang='lat' dir='ltr'>nobis</span> <span class='ocrx_word' id='word_1_191' title='bbox 1189 1767 1347 1820; x_wconf 78' lang='lat' dir='ltr'>dicere,</span> <span class='ocrx_word' id='word_1_192' title='bbox 1363 1790 1384 1810; x_wconf 70' lang='lat' dir='ltr'>c&lt;</span> <span class='ocrx_word' id='word_1_193' title='bbox 1403 1770 1476 1816; x_wconf 83' lang='lat' dir='ltr'>Di-</span> 
     </span>
     <span class='ocr_line' id='line_1_23' title="bbox 98 1839 1474 1902; baseline 0.001 -19"><span class='ocrx_word' id='word_1_194' title='bbox 98 1859 118 1879; x_wconf 81' lang='lat'>»</span> <span class='ocrx_word' id='word_1_195' title='bbox 135 1839 258 1884; x_wconf 83' lang='lat' dir='ltr'>mitte</span> <span class='ocrx_word' id='word_1_196' title='bbox 283 1840 410 1885; x_wconf 89' lang='lat' dir='ltr'>nobis</span> <span class='ocrx_word' id='word_1_197' title='bbox 435 1840 582 1886; x_wconf 87' lang='lat' dir='ltr'>debita</span> <span class='ocrx_word' id='word_1_198' title='bbox 601 1850 747 1885; x_wconf 83' lang='lat' dir='ltr'>nostra</span> <span class='ocrx_word' id='word_1_199' title='bbox 763 1839 779 1868; x_wconf 59' lang='grc'>4</span> <span class='ocrx_word' id='word_1_200' title='bbox 801 1857 811 1884; x_wconf 90' lang='lat'><strong>:</strong></span> <span class='ocrx_word' id='word_1_201' title='bbox 835 1860 855 1880; x_wconf 84' lang='lat'>»</span> <span class='ocrx_word' id='word_1_202' title='bbox 879 1855 977 1885; x_wconf 85' lang='lat' dir='ltr'>cum</span> <span class='ocrx_word' id='word_1_203' title='bbox 998 1842 1089 1898; x_wconf 82' lang='lat' dir='ltr'>jam</span> <span class='ocrx_word' id='word_1_204' title='bbox 1114 1839 1258 1883; x_wconf 79' lang='lat' dir='ltr'>omnia</span> <span class='ocrx_word' id='word_1_205' title='bbox 1279 1839 1322 1884; x_wconf 86' lang='lat' dir='ltr'>in</span> <span class='ocrx_word' id='word_1_206' title='bbox 1357 1839 1474 1902; x_wconf 82' lang='lat' dir='ltr'>hap-</span> 
     </span>
     <span class='ocr_line' id='line_1_24' title="bbox 96 1897 1472 1973; baseline 0 -20"><span class='ocrx_word' id='word_1_207' title='bbox 96 1897 242 1964; x_wconf 78' lang='lat' dir='ltr'>tisnio,</span> <span class='ocrx_word' id='word_1_208' title='bbox 274 1909 407 1961; x_wconf 83' lang='lat' dir='ltr'>dicta,</span> <span class='ocrx_word' id='word_1_209' title='bbox 427 1909 559 1966; x_wconf 83' lang='lat' dir='ltr'>facta,</span> <span class='ocrx_word' id='word_1_210' title='bbox 582 1909 766 1969; x_wconf 81' lang='lat' dir='ltr'>cogitata</span> <span class='ocrx_word' id='word_1_211' title='bbox 783 1946 793 1965; x_wconf 86' lang='lat'>,</span> <span class='ocrx_word' id='word_1_212' title='bbox 820 1908 995 1953; x_wconf 84' lang='lat' dir='ltr'>dimissa</span> <span class='ocrx_word' id='word_1_213' title='bbox 1023 1909 1120 1954; x_wconf 86' lang='lat' dir='ltr'>siut.</span> <span class='ocrx_word' id='word_1_214' title='bbox 1159 1908 1286 1954; x_wconf 67' lang='lat' dir='ltr'>Videt</span> <span class='ocrx_word' id='word_1_215' title='bbox 1308 1909 1472 1973; x_wconf 82' lang='lat' dir='ltr'>itaque,</span> 
     </span>
     <span class='ocr_line' id='line_1_25' title="bbox 96 1968 1478 2045; baseline 0.003 -23"><span class='ocrx_word' id='word_1_216' title='bbox 96 1968 311 2041; x_wconf 33' lang='lat' dir='ltr'>qui&#39;recte</span> <span class='ocrx_word' id='word_1_217' title='bbox 328 1979 463 2035; x_wconf 78' lang='lat' dir='ltr'>videt,</span> <span class='ocrx_word' id='word_1_218' title='bbox 487 1980 618 2035; x_wconf 86' lang='lat' dir='ltr'>unde,</span> <span class='ocrx_word' id='word_1_219' title='bbox 644 1990 684 2024; x_wconf 78' lang='lat' dir='ltr'>et</span> <span class='ocrx_word' id='word_1_220' title='bbox 700 1978 894 2042; x_wconf 82' lang='lat' dir='ltr'>quando,</span> <span class='ocrx_word' id='word_1_221' title='bbox 930 1987 971 2022; x_wconf 89' lang='lat' dir='ltr'>et</span> <span class='ocrx_word' id='word_1_222' title='bbox 992 1978 1070 2022; x_wconf 85' lang='lat' dir='ltr'>ubi</span> <span class='ocrx_word' id='word_1_223' title='bbox 1097 1978 1310 2041; x_wconf 83' lang='lat' dir='ltr'>speranda</span> <span class='ocrx_word' id='word_1_224' title='bbox 1333 1979 1386 2024; x_wconf 85' lang='lat' dir='ltr'>sit</span> <span class='ocrx_word' id='word_1_225' title='bbox 1402 1980 1478 2045; x_wconf 57' lang='lat' dir='ltr'>itta</span> 
     </span>
     <span class='ocr_line' id='line_1_26' title="bbox 97 2047 1477 2112; baseline 0.002 -19"><span class='ocrx_word' id='word_1_226' title='bbox 97 2047 325 2111; x_wconf 81' lang='lat' dir='ltr'>perfectiO,</span> <span class='ocrx_word' id='word_1_227' title='bbox 353 2051 424 2095; x_wconf 91' lang='lat' dir='ltr'>cui</span> <span class='ocrx_word' id='word_1_228' title='bbox 442 2068 530 2096; x_wconf 89' lang='lat' dir='ltr'>non</span> <span class='ocrx_word' id='word_1_229' title='bbox 558 2051 613 2096; x_wconf 86' lang='lat' dir='ltr'>sit</span> <span class='ocrx_word' id='word_1_230' title='bbox 638 2050 757 2112; x_wconf 82' lang='lat' dir='ltr'>quod</span> <span class='ocrx_word' id='word_1_231' title='bbox 785 2048 916 2109; x_wconf 75' lang='lat' dir='ltr'>adJ‘ici</span> <span class='ocrx_word' id='word_1_232' title='bbox 935 2048 1084 2111; x_wconf 82' lang='lat' dir='ltr'>possit.</span> <span class='ocrx_word' id='word_1_233' title='bbox 1112 2049 1157 2094; x_wconf 65' lang='lat' dir='ltr'>si</span> <span class='ocrx_word' id='word_1_234' title='bbox 1182 2060 1324 2096; x_wconf 85' lang='lat' dir='ltr'>autem</span> <span class='ocrx_word' id='word_1_235' title='bbox 1358 2067 1477 2112; x_wconf 83' lang='lat' dir='ltr'>prae-</span> 
     </span>
     <span class='ocr_line' id='line_1_27' title="bbox 99 2119 1478 2183; baseline 0.002 -19"><span class='ocrx_word' id='word_1_236' title='bbox 99 2130 224 2182; x_wconf 82' lang='lat' dir='ltr'>cepta</span> <span class='ocrx_word' id='word_1_237' title='bbox 251 2137 338 2182; x_wconf 83' lang='lat' dir='ltr'>non</span> <span class='ocrx_word' id='word_1_238' title='bbox 361 2132 515 2181; x_wconf 78' lang='lat' dir='ltr'>essent,</span> <span class='ocrx_word' id='word_1_239' title='bbox 547 2139 634 2166; x_wconf 89' lang='lat' dir='ltr'>non</span> <span class='ocrx_word' id='word_1_240' title='bbox 660 2122 810 2183; x_wconf 80' lang='lat' dir='ltr'>utique</span> <span class='ocrx_word' id='word_1_241' title='bbox 847 2131 951 2165; x_wconf 84' lang='lat' dir='ltr'>esset</span> <span class='ocrx_word' id='word_1_242' title='bbox 978 2119 1053 2164; x_wconf 86' lang='lat' dir='ltr'>ubi</span> <span class='ocrx_word' id='word_1_243' title='bbox 1077 2136 1119 2164; x_wconf 85' lang='lat' dir='ltr'>se</span> <span class='ocrx_word' id='word_1_244' title='bbox 1147 2119 1282 2169; x_wconf 86' lang='lat' dir='ltr'>homo</span> <span class='ocrx_word' id='word_1_245' title='bbox 1319 2121 1478 2167; x_wconf 76' lang='lat' dir='ltr'>certius</span> 
     </span>
     <span class='ocr_line' id='line_1_28' title="bbox 97 2188 1473 2255; baseline 0.001 -21"><span class='ocrx_word' id='word_1_246' title='bbox 97 2188 345 2255; x_wconf 68' lang='lat' dir='ltr'>inspiceret,</span> <span class='ocrx_word' id='word_1_247' title='bbox 371 2201 412 2236; x_wconf 88' lang='lat' dir='ltr'>et</span> <span class='ocrx_word' id='word_1_248' title='bbox 432 2191 596 2237; x_wconf 76' lang='lat' dir='ltr'>videret</span> <span class='ocrx_word' id='word_1_249' title='bbox 623 2191 737 2237; x_wconf 84' lang='lat' dir='ltr'>unde</span> <span class='ocrx_word' id='word_1_250' title='bbox 771 2200 1033 2238; x_wconf 68' lang='lat' dir='ltr'>averteretur</span> <span class='ocrx_word' id='word_1_251' title='bbox 1053 2226 1062 2243; x_wconf 87' lang='lat'>,</span> <span class='ocrx_word' id='word_1_252' title='bbox 1105 2207 1193 2252; x_wconf 92' lang='lat' dir='ltr'>quo</span> <span class='ocrx_word' id='word_1_253' title='bbox 1224 2202 1473 2247; x_wconf 82' lang='lat' dir='ltr'>conaretur,</span> 
     </span>
     <span class='ocr_line' id='line_1_29' title="bbox 100 2260 1478 2324; baseline 0.001 -20"><span class='ocrx_word' id='word_1_254' title='bbox 100 2277 233 2323; x_wconf 86' lang='lat' dir='ltr'>quare</span> <span class='ocrx_word' id='word_1_255' title='bbox 253 2261 559 2320; x_wconf 79' lang='lat' dir='ltr'>gratularetur,</span> <span class='ocrx_word' id='word_1_256' title='bbox 582 2262 689 2324; x_wconf 85' lang='lat' dir='ltr'>quid</span> <span class='ocrx_word' id='word_1_257' title='bbox 722 2271 988 2324; x_wconf 79' lang='lat' dir='ltr'>precaretur.</span> <span class='ocrx_word' id='word_1_258' title='bbox 1015 2260 1168 2318; x_wconf 77' lang='lat' dir='ltr'>Magna</span> <span class='ocrx_word' id='word_1_259' title='bbox 1187 2270 1249 2304; x_wconf 88' lang='lat' dir='ltr'>est</span> <span class='ocrx_word' id='word_1_260' title='bbox 1267 2276 1366 2319; x_wconf 82' lang='lat' dir='ltr'>ergo</span> <span class='ocrx_word' id='word_1_261' title='bbox 1388 2261 1478 2318; x_wconf 82' lang='lat' dir='ltr'>uti-</span> 
     </span>
     <span class='ocr_line' id='line_1_30' title="bbox 98 2326 1474 2394; baseline 0.001 -18"><span class='ocrx_word' id='word_1_262' title='bbox 98 2326 195 2377; x_wconf 84' lang='lat' dir='ltr'>litas</span> <span class='ocrx_word' id='word_1_263' title='bbox 209 2342 530 2394; x_wconf 83' lang='lat' dir='ltr'>praeceptorum</span> <span class='ocrx_word' id='word_1_264' title='bbox 548 2333 581 2377; x_wconf 85' lang='lat' dir='ltr'>si</span> <span class='ocrx_word' id='word_1_265' title='bbox 598 2332 737 2380; x_wconf 87' lang='lat' dir='ltr'>libero</span> <span class='ocrx_word' id='word_1_266' title='bbox 756 2332 937 2378; x_wconf 84' lang='lat' dir='ltr'>arbitrio</span> <span class='ocrx_word' id='word_1_267' title='bbox 956 2339 1120 2375; x_wconf 79' lang='lat' dir='ltr'>tantum</span> <span class='ocrx_word' id='word_1_268' title='bbox 1142 2329 1285 2387; x_wconf 87' lang='lat' dir='ltr'>detur,</span> <span class='ocrx_word' id='word_1_269' title='bbox 1309 2341 1356 2376; x_wconf 90' lang='lat' dir='ltr'>ut</span> <span class='ocrx_word' id='word_1_270' title='bbox 1373 2348 1474 2391; x_wconf 83' lang='lat' dir='ltr'>gra-</span> 
     </span>
     <span class='ocr_line' id='line_1_31' title="bbox 99 2399 750 2464; baseline 0.006 -19"><span class='ocrx_word' id='word_1_271' title='bbox 99 2399 161 2463; x_wconf 79' lang='lat' dir='ltr'>tia</span> <span class='ocrx_word' id='word_1_272' title='bbox 185 2401 263 2459; x_wconf 87' lang='lat' dir='ltr'>Dei</span> <span class='ocrx_word' id='word_1_273' title='bbox 287 2402 473 2464; x_wconf 75' lang='lat' dir='ltr'>amplius</span> <span class='ocrx_word' id='word_1_274' title='bbox 494 2402 750 2450; x_wconf 86' lang='lat' dir='ltr'>honoretur.</span> 
     </span>
    </p>

    <p class='ocr_par' dir='ltr' id='par_1_4' title="bbox 163 2470 1472 2539">
     <span class='ocr_line' id='line_1_32' title="bbox 163 2470 1472 2533; baseline 0.002 -14"><span class='ocrx_word' id='word_1_275' title='bbox 163 2471 282 2532; x_wconf 78' lang='lat' dir='ltr'><strong>XVI.</strong></span> <span class='ocrx_word' id='word_1_276' title='bbox 315 2472 427 2529; x_wconf 87' lang='lat' dir='ltr'>Quae</span> <span class='ocrx_word' id='word_1_277' title='bbox 450 2472 485 2518; x_wconf 88' lang='lat' dir='ltr'>si</span> <span class='ocrx_word' id='word_1_278' title='bbox 503 2473 565 2518; x_wconf 85' lang='lat' dir='ltr'>ita</span> <span class='ocrx_word' id='word_1_279' title='bbox 594 2491 636 2520; x_wconf 86' lang='lat' dir='ltr'>sc</span> <span class='ocrx_word' id='word_1_280' title='bbox 656 2474 846 2533; x_wconf 60' lang='lat' dir='ltr'>habent,</span> <span class='ocrx_word' id='word_1_281' title='bbox 875 2470 990 2518; x_wconf 86' lang='lat' dir='ltr'>uude</span> <span class='ocrx_word' id='word_1_282' title='bbox 1022 2470 1312 2526; x_wconf 13' lang='lat' dir='ltr'>fietvomnium</span> <span class='ocrx_word' id='word_1_283' title='bbox 1343 2488 1472 2529; x_wconf 67' lang='lat' dir='ltr'>reu-5,</span> 
     </span>
    </p>
   </div>
   <div class='ocr_carea' id='block_1_3' title="bbox 148 2568 1472 2618">
    <p class='ocr_par' dir='ltr' id='par_1_5' title="bbox 148 2568 1472 2618">
     <span class='ocr_line' id='line_1_33' title="bbox 148 2568 1472 2618; baseline 0 -12"><span class='ocrx_word' id='word_1_284' title='bbox 148 2574 161 2615; x_wconf 59' lang='grc' dir='ltr'>ξ</span> <span class='ocrx_word' id='word_1_285' title='bbox 179 2575 197 2606; x_wconf 88' lang='lat'>3</span> <span class='ocrx_word' id='word_1_286' title='bbox 210 2576 290 2616; x_wconf 66' lang='lat' dir='ltr'>Reg.</span> <span class='ocrx_word' id='word_1_287' title='bbox 310 2584 395 2616; x_wconf 61' lang='lat' dir='ltr'>xxm</span> <span class='ocrx_word' id='word_1_288' title='bbox 412 2597 421 2614; x_wconf 92' lang='lat'>,</span> <span class='ocrx_word' id='word_1_289' title='bbox 448 2575 501 2611; x_wconf 77' lang='grc'>46.</span> <span class='ocrx_word' id='word_1_290' title='bbox 517 2591 561 2599; x_wconf 93' lang='grc'><strong>-</strong></span> <span class='ocrx_word' id='word_1_291' title='bbox 579 2573 595 2613; x_wconf 63' lang='lat'>2</span> <span class='ocrx_word' id='word_1_292' title='bbox 611 2575 693 2613; x_wconf 70' lang='lat' dir='ltr'>Psal.</span> <span class='ocrx_word' id='word_1_293' title='bbox 711 2585 799 2608; x_wconf 78' lang='lat' dir='ltr'>cxmt</span> <span class='ocrx_word' id='word_1_294' title='bbox 816 2600 825 2618; x_wconf 91' lang='lat'>,</span> <span class='ocrx_word' id='word_1_295' title='bbox 850 2584 883 2606; x_wconf 64' lang='grc' dir='ltr'>α.</span> <span class='ocrx_word' id='word_1_296' title='bbox 902 2590 948 2598; x_wconf 93' lang='grc'>--</span> <span class='ocrx_word' id='word_1_297' title='bbox 963 2568 978 2595; x_wconf 80' lang='lat'><strong>³</strong></span> <span class='ocrx_word' id='word_1_298' title='bbox 998 2582 1012 2607; x_wconf 80' lang='lat'>1</span> <span class='ocrx_word' id='word_1_299' title='bbox 1031 2573 1126 2606; x_wconf 73' lang='lat' dir='ltr'>Joan,</span> <span class='ocrx_word' id='word_1_300' title='bbox 1157 2583 1188 2616; x_wconf 88' lang='lat'>1,</span> <span class='ocrx_word' id='word_1_301' title='bbox 1210 2572 1243 2606; x_wconf 89' lang='grc'>8.</span> <span class='ocrx_word' id='word_1_302' title='bbox 1260 2589 1302 2595; x_wconf 86' lang='grc'>--</span> <span class='ocrx_word' id='word_1_303' title='bbox 1318 2568 1334 2600; x_wconf 72' lang='lat'>-4</span> <span class='ocrx_word' id='word_1_304' title='bbox 1354 2571 1472 2606; x_wconf 77' lang='lat' dir='ltr'>Matth.</span> 
     </span>
    </p>
   </div>
   <div class='ocr_carea' id='block_1_4' title="bbox 104 2639 1347 2731">
    <p class='ocr_par' dir='ltr' id='par_1_6' title="bbox 104 2639 1347 2731">
     <span class='ocr_line' id='line_1_34' title="bbox 104 2639 237 2671; baseline -0.023 -7"><span class='ocrx_word' id='word_1_305' title='bbox 104 2640 161 2671; x_wconf 76' lang='lat' dir='ltr'>vt,</span> <span class='ocrx_word' id='word_1_306' title='bbox 183 2639 237 2663; x_wconf 84' lang='lat'>12.</span> 
     </span>
     <span class='ocr_line' id='line_1_35' title="bbox 1273 2683 1347 2731; baseline -0.027 0"><span class='ocrx_word' id='word_1_307' title='bbox 1273 2683 1347 2731; x_wconf 77' lang='lat'>23.</span> 
     </span>
    </p>
   </div>
  </div>
 </body>
</html>
