1799 3251
329 290 421 337 300
756 305 791 336 s.
835 303 1077 334 Aucusrmi
1114 304 1316 336 EPISCOPI

325 388 426 435 quae
447 369 544 417 ideo
564 379 641 425 est,
665 369 766 434 quia
799 368 1018 415 insolitum
1054 368 1219 433 aliquid
1240 370 1447 427 occurrit,
1487 371 1699 434 scriptum

326 442 454 489 estde
473 440 679 497 Domino,
707 440 824 504 quod
851 440 1030 486 miratus
1054 440 1107 485 sit
1133 441 1409 487 Centurionis
1429 441 1559 487 fidem
1582 459 1593 486 :
1620 458 1701 487 ne-

324 530 408 577 que
425 513 539 559 enim
559 529 656 558 eum
678 512 737 558 rei
758 511 886 557 ullius
922 511 1032 557 ratio
1056 511 1203 574 potuit
1231 511 1379 568 latere,
1407 512 1479 558 sed
1503 512 1696 558 admira-

326 585 387 629 tio
408 601 490 647 pro
518 582 647 629 laude
675 582 814 644 posita
838 592 899 627 est
922 585 1030 642 6]ιι5,
1067 585 1192 641 cujus
1219 599 1301 644 par
1333 582 1377 627 in
1419 581 1585 645 populo
1606 582 1700 628 He-

323 653 445 700 braeo
468 671 555 700 non
576 663 852 717 apparuerat.
882 651 1008 697 [nde
1031 654 1124 715 ipsa
1147 651 1375 697 admiratio
1393 653 1491 698 satis
1511 652 1701 716 exposita

323 734 403 780 est,
439 740 540 769 cum
571 723 783 769 Dominus
799 722 858 767 ait
881 740 891 767 ι
938 744 957 764 «
979 725 1115 768 Amen
1144 722 1243 767 dico
1264 722 1404 779 vobis,
1431 740 1520 768 non
1556 723 1700 768 inveni

323 815 344 836 ))
369 804 532 841 tantam
557 793 688 840 fidem
711 793 757 839 in
785 793 932 840 Israel.

387 864 485 912 VII.
511 863 643 921 Quod
672 874 815 909 autem
832 863 969 923 adjeci
994 864 1037 908 in
1056 862 1204 908 eadem
1223 862 1403 926 epistola
1422 880 1432 907 z
1457 885 1476 904 «
1497 863 1542 909 Si
1563 880 1700 909 exem-

321 955 344 976 »
361 934 486 997 plum
508 935 722 998 poscitur,
744 951 832 980 non
852 934 930 980 erit
952 933 1166 994 singulare
1185 955 1204 974 >³
1242 933 1402 979 frustra
1424 933 1503 979 tibi
1522 933 1635 980 visus
1658 951 1700 980 es

321 1004 439 1050 velut
467 1004 660 1068 exempla
676 1004 885 1050 invenisse
919 1005 971 1050 de
993 1004 1246 1060 vermiculo,
1274 1004 1350 1067 qui
1372 1004 1416 1049 in
1442 1022 1571 1067 pomo
1590 1022 1700 1059 ,nas-

320 1074 451 1130 citur‚
489 1086 529 1120 et
556 1092 725 1125 aranea,
757 1091 857 1136 quae
882 1074 1004 1120 filum
1031 1075 1225 1120 textrinae
1249 1091 1338 1120 suae
1370 1091 1552 1138 corpore
1576 1074 1697 1120 velut

316 1143 483 1204 integro
527 1145 655 1207 parit.
690 1144 910 1189 Dicuntur
951 1144 1066 1189 enim
1104 1144 1249 1207 aliqua
1288 1155 1435 1203 argute
1471 1144 1697 1204 cujusdam

315 1215 609 1261 similitudinis
626 1216 761 1275 gratia
793 1214 874 1260 alia
900 1215 1123 1271 remotius,
1151 1214 1230 1260 alia
1254 1216 1560 1274 congruentius
1583 1233 1593 1260 :
1623 1215 1696 1261 sed

318 1285 430 1332 solus
447 1286 647 1332 Christus
671 1296 796 1332 natus
821 1297 948 1331 estex
988 1286 1153 1345 virgine
1175 1303 1185 1330 ε
1215 1286 1330 1331 unde
1348 1292 1438 1345 jam
1463 1286 1665 1346 intelligis
1681 1322 1692 1342 ‚

315 1368 528 1420 quantum
565 1357 773 1413 existimo,
802 1374 881 1403 cur
899 1357 986 1402 hoc
1008 1374 1093 1403 esse
1135 1357 1314 1402 dixerim
1360 1358 1449 1402 sine
1479 1356 1688 1420 exemplo,

315 1427 492 1473 Habent
507 1428 654 1491 itaque
673 1429 817 1473 omnia
844 1443 993 1472 causas
1024 1444 1118 1472 suas
1141 1437 1267 1489 atque
1292 1427 1478 1472 rationes
1499 1437 1635 1472 rectas
1655 1437 1696 1472 et

313 1496 620 1560 inculpabiles,
642 1514 743 1561 quae
766 1498 879 1542 Deus
896 1496 963 1543 vel
984 1497 1138 1542 usitata
1153 1497 1220 1543 vel
1239 1497 1445 1542 inusitata
1467 1507 1686 1560 operatur.

315 1567 400 1614 Sed
419 1569 517 1615 haec
535 1586 677 1615 causae
699 1579 826 1632 atque
847 1569 1034 1614 rationes
1057 1586 1158 1615 cum
1178 1569 1331 1625 latent,
1358 1568 1570 1614 miramur
1595 1584 1694 1631 quae

312 1640 448 1691 fiunt3
468 1657 568 1685 cum
594 1650 736 1685 autem
755 1650 924 1703 patent,
945 1651 1255 1703 consequenter
1269 1657 1315 1685 ea
1339 1640 1406 1685 vel
1428 1639 1692 1685 convenien-

314 1721 375 1756 ter
395 1711 487 1756 fieri
504 1710 704 1767 dicimus,
724 1727 801 1756 nec
821 1710 1071 1757 mirandum
1089 1728 1188 1767 esse,
1211 1711 1303 1774 qui
1293 1729 1312 1755 a
1328 1709 1443 1755 facta
1462 1721 1577 1761 sunt
1592 1726 1691 1773 quae

311 1779 421 1826 ratio
441 1780 637 1840 exigebat
655 1791 703 1826 ut
731 1781 896 1827 fierent.
940 1782 1026 1826 Aut
1054 1781 1087 1826 si
1106 1781 1333 1829 miramur
1355 1797 1442 1825 non
1469 1780 1692 1843 inopinata

310 1849 546 1914 stupendo,
569 1850 641 1896 sed
667 1850 1207 1896 excellentialaudandom
1213 1851 1411 1896 iramur:
1439 1867 1564 1913 quo„
1543 1866 1693 1895 ocnere

307 1919 605 1967 admirationis
648 1920 856 1966 Centurio
895 1921 967 1966 ille
998 1921 1200 1966 laudatus
1237 1932 1312 1968 est.
1365 1921 1453 1966 Nec
1482 1921 1578 1966 ideo
1618 1937 1690 1967 re-

308 1990 620 2055 prehendenda
643 2001 705 2036 est
745 1991 953 2037 sententia
991 2008 1076 2054 qua
1121 1991 1290 2037 dictum
1327 2002 1416 2037 cst:
1446 2013 1466 2033 «
1487 1989 1532 2036 Si
1579 1991 1690 2036 ratio

308 2061 536 2125 quaeritur,
571 2078 660 2106 non
680 2060 762 2106 erit
802 2061 1018 2117 mirabile,
1043 2083 1062 2103 ›>
1088 2062 1296 2124 quoniam
1318 2072 1377 2106 est
1403 2061 1521 2106 aliud
1555 2077 1688 2121 genus

306 2132 621 2189 admirationis,
652 2132 781 2178 etiam
815 2148 914 2178 cum
943 2133 1052 2178 ratio
1089 2132 1316 2178 manifesta
1337 2144 1398 2178 est
1433 2132 1680 2179 admiranti.

304 2204 456 2267 Neque
478 2203 592 2248 enirn
612 2213 842 2266 propterea
858 2203 1065 2266 culpatur
1083 2203 1291 2248 sententia
1306 2220 1394 2266 qua
1409 2203 1576 2248 dictum
1594 2213 1683 2248 est:

305 2295 325 2315 «
351 2275 466 2319 Deus
483 2273 698 2320 neminem
724 2283 860 2319 tentat
879 2274 915 2328 2,
938 2295 957 2315 »
982 2274 1189 2337 quoniam
1226 2284 1267 2318 et
1288 2273 1407 2319 aliud
1431 2290 1562 2334 genus
1588 2283 1686 2318 ten-

306 2344 496 2398 tationis,
525 2353 706 2407 propter
726 2343 844 2407 quod
863 2354 976 2390 recte
1006 2343 1157 2389 itidem
1178 2343 1345 2390 dictum
1372 2355 1433 2390 est
1453 2362 1463 2389 ι
1493 2365 1513 2385 «
1529 2345 1686 2389 Tentat

306 2435 325 2456 ›>
348 2431 422 2460 vos
439 2414 652 2460 Dominus
677 2417 794 2460 Deus
819 2414 1003 2461 vesterss.
1027 2436 1047 2455 ›>

373 2485 490 2531 VIII.
521 2485 610 2530 Nec
631 2485 860 2548 quisquam
885 2487 1094 2531 existimet
1127 2484 1222 2531 ideo
1255 2487 1406 2532 merito
1441 2501 1564 2549 posse
1595 2483 1683 2530 dici

302 2555 521 2619 corporeis
547 2555 685 2601 oculis
705 2572 729 2600 a
755 2555 862 2601 Filio
891 2559 1059 2601 Patrem
1087 2554 1241 2612 videri,
1265 2574 1312 2603 ae
1337 2574 1425 2602 non
1443 2555 1590 2620 potius
1621 2553 1682 2599 si-

349 2640 360 2662 ¹
382 2641 458 2673 Luc.
475 2648 534 2679 vn,
555 2648 585 2678 9.
599 2635 673 2664 —2
692 2638 804 2672 Jacob.
827 2650 852 2677 ι,
875 2641 925 2673 13.
941 2655 984 2662 —
1006 2634 1019 2661 3
1037 2640 1128 2671 Dent.
1146 2649 1223 2676 xm,
1242 2640 1274 2670 3.
