1799 3251
313 294 405 349 «23²4
726 306 761 335 s.
804 304 1046 335 Acer-snm
1084 305 1287 335 eriscom

313 375 359 420 in
381 389 431 418 eo
450 369 568 436 quod
588 370 637 417 ad
647 371 733 416 hue
752 386 839 415 non
859 370 1039 416 donavit
1053 369 1319 425 incredulus,
1345 368 1481 415 necin
1500 384 1549 414 eo
1563 368 1683 432 quod

307 449 399 505 jam
421 443 600 489 donarit
623 442 830 501 ingratus.
861 442 958 486 Non
985 441 1098 486 enim
1121 457 1215 485 mco
1233 440 1300 485 vel
1318 439 1489 500 ingenio
1510 439 1575 485 vel
1590 457 1683 485 me·-

313 516 396 560 rito
413 552 422 570 ‚
451 512 525 558 sed
546 517 635 572 ejus
660 512 775 557 dono
801 524 913 567 sum,
940 512 974 556 si
999 511 1105 574 quid
1132 510 1412 555 laudabiliter
1430 525 1539 556 sum.
1574 511 1684 555 'Nam

313 584 516 649 quaedam
544 583 788 628 acutissima
824 592 865 626 et
899 581 1248 627 exceiiciitissima
1284 581 1454 639 ingenia
1491 591 1611 626 tanto
1642 581 1685 625 in

316 659 497 715 majores
530 670 689 699 errores
721 654 897 707 ierunt,
933 663 1098 716 quanto
1140 651 1441 714 praefidentius
1481 661 1686 714 tanquam

315 726 402 771 suis
443 724 608 770 viribus
641 733 956 777 cucurrerunt,
1001 739 1078 767 nec
1114 721 1370 784 suppliciter
1405 739 1453 767 ac
1482 721 1690 766 veraciter

317 797 455 841 Deum
475 832 485 851 ‚
515 804 561 839 ut
580 793 663 839 sibi
683 795 794 839 viam
821 792 1091 847 ostenderet,
1117 792 1378 854 petiverunt.
1415 791 1569 836 Merita
1589 807 1689 836 vero

316 864 615 929 quorumlibet
649 863 880 909 hominum
907 879 1007 925 quae
1042 871 1168 918 sunt,
1200 861 1557 925 quandoquidem
1580 860 1650 906 ille
1675 897 1686 916 ‚

319 936 396 998 qui
419 952 507 980 non
537 949 635 979 cum
675 932 870 979 mercede
904 933 1048 977 debita
1065 969 1076 988 ‚
1119 931 1191 977 sed
1215 946 1314 977 cum
1341 931 1528 991 gratuita
1556 930 1691 991 gratia

317 1007 454 1061 veuit,
475 1021 623 1050 omncs
636 1015 885 1067 peccatores
904 1003 1018 1048 solus
1043 1020 1065 1048 a
1088 1003 1279 1066 peccatis
1304 1002 1414 1048 liber
1432 1011 1559 1065 atque
1577 1001 1687 1047 libe-

320 1087 438 1122 rator
460 1077 639 1122 invenit.

386 1147 460 1192 VI.
491 1146 536 1190 Si
559 1161 658 1205 ergo
682 1162 759 1190 nos
784 1145 919 1190 virtus
942 1159 1040 1189 vera
1057 1142 1264 1198 delectat,
1280 1143 1319 1188 ei
1338 1142 1555 1199 dicamus,
1576 1140 1694 1205 quod

322 1218 366 1263 in
389 1220 480 1276 ejus
503 1215 633 1261 sacris
662 1214 837 1260 Litteris
860 1214 1026 1274 egimus
1045 1234 1057 1267 ς
1077 1234 1099 1254 «
1118 1212 1309 1272 Diligam
1333 1223 1374 1258 te
1399 1211 1585 1258 Domine
1604 1210 1696 1257 vir-

325 1309 345 1329 »
372 1298 438 1332 tus
470 1284 594 1330 mea*l
615 1303 624 1329 :
651 1307 670 1326 υ
693 1295 734 1330 et
760 1285 793 1329 si
821 1301 916 1330 vere
942 1284 1058 1329 beati
1082 1298 1168 1328 esse
1187 1282 1389 1329 volumus
1409 1280 1558 1345 (quod
1584 1279 1698 1325 nolle

322 1375 409 1403 non
429 1355 685 1419 possumus)
720 1355 765 1401 id
795 1354 915 1418 quod
946 1355 990 1399 in
1023 1353 1182 1399 eisdem
1215 1353 1390 1398 Litteris
1429 1351 1695 1407 didicimu5‚

323 1427 412 1473 fido
436 1426 565 1472 corde
588 1437 810 1471 teneamus
829 1462 839 1481 ‚
866 1447 885 1466 α
907 1427 1064 1470 Beatus
1091 1425 1158 1469 vir
1182 1427 1251 1482 cuj
1262 1440 1307 1468 us
1335 1433 1397 1468 est
1422 1438 1579 1468 nomen
1603 1422 1698 1466 Do-

325 1519 346 1540 »
367 1498 475 1544 mini
503 1514 597 1559 spes
618 1488 710 1555 ejus
726 1532 736 1551 ‚
756 1506 798 1540 et
821 1512 907 1541 non
939 1494 1118 1557 respexit
1142 1494 1186 1538 in
1212 1493 1423 1539 vanitates
1444 1502 1485 1537 et
1510 1491 1699 1537 insanias

324 1590 345 1611 >³
365 1567 590 1613 mendaces
606 1567 638 1613 2.
669 1588 687 1608 ›>
720 1567 894 1622 Quanta
919 1576 981 1611 est
1007 1576 1149 1610 autem
1175 1564 1342 1610 vanitas
1362 1600 1373 1619 ,
1398 1573 1564 1626 quanta
1583 1562 1700 1607 insa-

325 1640 395 1684 nia
419 1675 428 1693 ‚
457 1648 759 1701 quantumque
780 1636 1054 1682 mendacium
1069 1673 1078 1691 ‚
1110 1635 1332 1680 hominem
1352 1633 1580 1680 mortalem
1599 1670 1610 1689 ‚
1636 1649 1700 1678 ae-

323 1725 573 1755 rumnosam
596 1708 726 1752 vitam
752 1704 955 1752 mutabili
984 1718 1023 1751 et
1044 1706 1201 1769 spiritu
1221 1715 1264 1749 et
1287 1721 1415 1750 carne
1432 1704 1664 1750 ducentem
1685 1739 1695 1756 ,

324 1790 389 1825 tot
409 1780 596 1842 peccatis
622 1788 846 1823 oneratum
872 1814 881 1832 ‚
924 1787 985 1821 tot
1013 1775 1323 1820 tentationibus
1347 1774 1574 1820 subditum
1592 1811 1602 1829 ‚
1636 1783 1703 1818 tot

324 1849 681 1911 corruptionibus
699 1848 934 1892 obnoxium
956 1885 961 1899 ,
982 1848 1212 1909 poenisque
1239 1845 1489 1904 justissimis
1511 1843 1703 1890 destina-

327 1930 446 1971 tum,
477 1919 520 1963 in
560 1934 602 1962 se
636 1918 730 1979 ipso
767 1916 897 1960 fidere.
935 1926 983 1960 ut
1018 1917 1166 1961 heatus
1191 1916 1270 1970 sit,
1300 1914 1478 1978 quando
1516 1931 1568 1959 ne
1593 1912 1704 1959 illud

328 1989 524 2054 quidem,
542 1988 661 2051 quod
678 1988 808 2032 habet
822 1988 865 2031 in
884 1998 1052 2032 naturae
1067 2003 1156 2032 suae
1174 1986 1386 2045 dignitate
1407 1985 1680 2048 praecipuum
1693 2022 1704 2042 ,

331 2059 481 2115 idest,
507 2068 693 2103 mentem
715 2067 841 2119 atque
864 2057 1074 2102 rationem
1094 2094 1105 2112 ,
1135 2066 1276 2119 potest
1300 2055 1522 2101 vindicare
1558 2055 1615 2100 ab
1635 2071 1707 2100 er·-

335 2130 525 2183 roribus.
547 2128 627 2173 nisi
647 2130 763 2173 Deus
784 2127 893 2172 adsit
908 2127 978 2172 lux
997 2127 1237 2172 mentium?3
1257 2125 1523 2185 abjiciamus
1541 2125 1707 2188 itaque,

336 2202 515 2247 obsecro
532 2210 570 2244 te
585 2236 595 2254 ,
618 2198 823 2244 falsorum
845 2197 1214 2260 philosophorum
1233 2196 1442 2242 vanitates
1459 2206 1501 2240 et
1522 2195 1709 2240 insanias

337 2270 566 2317 mendaces
587 2287 597 2314 ι
623 2270 726 2332 quia
751 2286 830 2314 nec
850 2269 986 2314 virtus
1003 2268 1128 2314 nobis
1151 2267 1231 2312 erit
1249 2304 1259 2322 ,
1279 2267 1359 2312 nisi
1386 2266 1497 2312 adsit
1513 2265 1603 2329 ipse
1620 2282 1707 2328 quo

331 2346 559 2402 juvemur;
588 2356 667 2384 nec
690 2338 944 2394 beatitudo,
975 2339 1056 2384 nisi
1086 2337 1195 2383 adsit
1216 2338 1307 2400 ipse
1337 2353 1424 2400 quo
1448 2336 1645 2381 fruamur
1668 2345 1708 2381 et

331 2422 475 2458 totum
509 2409 717 2456 mutabile
760 2419 889 2471 atque
918 2407 1208 2471 corruptibiie
1237 2418 1453 2462 nostrum,
1482 2404 1600 2469 quod
1632 2421 1710 2469 per

339 2496 381 2529 se
413 2482 558 2544 ipsum
588 2479 858 2524 imbecillum
892 2489 932 2524 ct
971 2476 1175 2542 quaedam
1213 2477 1410 2523 materies
1444 2476 1710 2521 miseriarum

339 2563 429 2608 est,
458 2550 574 2596 dono
597 2549 932 2595 immortalitatis
957 2560 1084 2613 atque
1100 2546 1445 2612 incorruptionis
1463 2546 1706 2593 absorbeat.

388 2635 398 2658 ¹
418 2635 501 2668 Psal.
519 2644 602 2675 xvxi,
625 2644 654 2667 2.
673 2650 718 2657 -
736 2631 752 2654 ‘²
766 2632 845 2666 stat.
864 2642 972 2675 xxxix,
996 2633 1029 2666 5.
