1799 3251
371 295 455 340 162
790 316 824 346 5.
868 316 1111 351 emensum
1145 317 1347 352 EPISCOPI

365 375 573 433 visibilis,
605 379 782 441 quando
810 380 984 429 dicebat
1007 400 1017 427 ε
1045 404 1065 424 «
1086 384 1141 431 Et
1164 400 1240 442 ego
1260 382 1436 442 diligam
1454 398 1572 438 eum,
1598 391 1640 429 et
1661 397 1730 430 os-

364 467 383 486 »
410 447 580 493 tendam
608 467 676 495 nie
707 450 850 513 ipsum
881 452 940 498 illi
959 490 969 505 ‚
995 475 1015 495 »
1040 471 1139 500 cuni
1181 465 1277 498 ante
1316 452 1463 501 oculos
1500 452 1728 501 hominum

360 519 623 580 conspicuus
642 519 904 583 loqueretur.
940 524 1061 569 Unde
1085 535 1224 570 autem
1250 522 1483 570 invisibilia
1506 521 1723 579 videntur,

356 587 437 633 nisi
458 588 594 634 oculis
618 591 790 638 cordis?
812 592 865 638 de
881 594 1042 656 quibus
1062 594 1192 656 paulo
1214 604 1309 639 ante
1327 592 1414 639 dixi
1443 591 1550 655 quid
1574 592 1726 640 Hiero-

356 674 512 718 nymus
529 661 703 706 senserit
719 661 771 707 ad
793 662 1026 709 videndum
1048 668 1204 711 Deum.

417 730 519 776 Xll.
554 731 668 776 Hinc
703 742 764 777 est
787 734 913 779 etiam
947 733 1067 810 quod
1100 744 1359 779 memoratus
1392 732 1723 781 Mediolanensis

352 799 643 864 episcopusin
661 802 752 865 ipsa
776 803 1086 848 resurrectione
1102 803 1208 848 dixit
1221 820 1306 851 non
1327 801 1452 852 facile
1474 819 1561 851 esse
1576 802 1721 852 videre

350 870 491 916 Deum
516 872 596 917 nisi
626 873 677 918 iis
708 873 781 935 qui
807 873 972 918 mundo
1009 873 1140 919 corde
1173 874 1281 927 sint;
1307 884 1348 921 et
1378 873 1476 921 ideo
1505 874 1717 937 scriptum

349 956 472 986 esse:
499 942 662 988 «Beati
693 942 857 988 mundo
881 944 1034 998 corde3
1067 945 1274 1008 quoniam
1305 944 1388 1008 ipsi
1424 945 1562 992 Deum
1596 944 1718 993 vide-

286 1034 289 1040 =·
351 1031 372 1050 n
399 1010 556 1058 hunt1.
584 1034 603 1053 n
627 1011 641 1074 [
661 1013 858 1069 Quantos
875 1014 1046 1070 beatos,
1079 1015 1355 1078 inquit,jam
1388 1025 1714 1070 numeraverat,

346 1091 387 1126 et
411 1092 550 1127 tamen
579 1084 636 1128 eis
659 1083 836 1128 videndi
862 1086 1000 1130 Deum
1025 1102 1112 1130 non
1135 1086 1392 1148 promiserat
1410 1084 1675 1132 facultatem.
1695 1086 1709 1147 ]

344 1152 510 1198 Deinde
525 1153 772 1214 adjungitet
787 1155 919 1200 dicit:
945 1156 1016 1217 [Si
1032 1174 1131 1216 ergo
1143 1158 1173 1202 ii
1188 1157 1263 1220 qui
1275 1156 1439 1202 mundo
1451 1166 1549 1203 sunt
1563 1156 1712 1212 corde,

341 1224 484 1267 Deum
504 1223 742 1281 videbunt,
767 1227 915 1289 utique
946 1226 1017 1271 alii
1055 1244 1144 1272 non
1168 1227 1399 1274 videbunt.
1424 1226 1438 1290 ]
1458 1227 1512 1272 Et
1533 1243 1586 1275 ne
1610 1225 1715 1274 alios

338 1291 435 1337 illos
459 1294 753 1357 acciperemus
776 1295 829 1341 de
859 1296 1020 1373 quibus
1051 1297 1218 1343 dictum
1245 1308 1338 1342 est·
1362 1318 1382 1338 c<
1401 1296 1521 1341 Beati
1545 1313 1716 1359 paupe—

339 1383 359 1402 »
386 1379 475 1414 res
515 1365 635 1409 Beati
661 1366 811 1419 mites;
836 1388 855 1407 υ
880 1367 1085 1412 continuo
1109 1367 1364 1427 subjunxit:
1389 1366 1571 1430 [Neque
1596 1366 1710 1415 enim

339 1422 505 1494 indigni
527 1436 664 1481 Deum
686 1437 911 1484 videbunt.
933 1439 947 1499 ]
974 1438 1180 1498 Indignos
1206 1439 1354 1502 utique
1371 1438 1468 1484 illos
1484 1437 1631 1485 volens
1648 1437 1714 1485 in-

340 1505 457 1550 tellitr
433 1505 499 1565 gi,
531 1508 606 1569 qui
628 1508 730 1553 licet
754 1520 1005 1569 resurgant,
1039 1511 1180 1555 Deum
1201 1509 1344 1555 videre
1360 1525 1447 1554 non
1472 1518 1709 1570 poterunt3

337 1577 544 1638 quoniam
573 1578 627 1623 ad
647 1578 968 1626 damnationem
984 1591 1204 1640 resurgent
1223 1618 1233 1636 ‚
1256 1580 1358 1643 quia
1382 1596 1460 1642 per
1484 1578 1611 1624 fidem
1633 1595 1710 1626 ve-

336 1662 427 1693 ram
456 1664 554 1709 quae
574 1666 653 1711 per
676 1648 949 1695 dilectionem
979 1662 1201 1713 operatur,
1226 1667 1301 1696 cor
1323 1649 1535 1695 mundare
1555 1647 1709 1697 nolue-

336 1729 449 1764 runt.
484 1720 537 1764 Et
571 1720 668 1766 ideo
698 1721 891 1784 sequitur
913 1732 954 1766 et
975 1721 1081 1767 dicit
1113 1739 1125 1768 ε
1157 1721 1340 1783 [Neque
1366 1720 1426 1775 is,
1459 1719 1535 1783 qui
1569 1719 1708 1767 Deum

334 1788 678 1835 viderenolucrit
697 1828 707 1845 ,
728 1802 868 1853 potest
885 1794 1023 1837 Deum
1039 1791 1198 1837 videre.
1217 1791 1232 1854 J
1254 1789 1417 1836 Deinde
1435 1790 1537 1853 quia
1556 1805 1708 1837 occur-

332 1858 456 1903 rebat
484 1860 611 1905 etiam
638 1861 794 1923 impios
814 1880 960 1908 omnes
982 1862 1088 1908 velle
1108 1862 1254 1908 videre
1280 1864 1451 1916 Deum,
1488 1860 1630 1906 statim
1658 1870 1707 1908 ut

333 1930 573 1976 ostenderet
591 1949 724 1994 quare
749 1933 900 1978 dixerit
928 1950 939 1978 ε
977 1933 1091 1995 [Qui
1125 1935 1261 1977 Deum
1288 1931 1433 1977 videre
1457 1930 1698 1993 noluerim}

333 2001 435 2063 quia
456 2002 603 2064 utique
621 2002 694 2047 illo
717 2003 844 2047 modo
866 2020 950 2048 non
966 2002 1059 2047 xult
1083 2004 1217 2047 Deum
1237 2000 1380 2046 videre
1398 2000 1576 2062 impius,
1599 2000 1703 2063 quia

333 2086 409 2116 cor
433 2071 642 2117 mundare
669 2089 753 2117 non
785 2072 900 2122 vult,
940 2089 1026 2135 quo
1060 2072 1131 2117 ille
1157 2070 1291 2116 videri
1317 2071 1501 2133 poterit,
1531 2079 1703 2116 secutus

335 2141 555 2202 adjunxit,
583 2154 623 2188 et
643 2144 729 2188 ait:
762 2144 879 2205 [Nec
897 2144 939 2188 in
960 2143 1056 2188 loco
1085 2144 1198 2187 Deus
1225 2141 1415 2196 videtur,
1438 2140 1510 2186 sed
1536 2139 1702 2187 mundo

332 2213 487 2265 corde3
510 2230 588 2259 nec
611 2213 914 2276 corporalibus
947 2213 1082 2259 oculis
1103 2217 1219 2258 Deus
1244 2211 1474 2276 quaeritur,
1501 2228 1580 2257 nec
1608 2211 1700 2257 cir-

333 2284 644 2330 cumscribitur
667 2285 759 2329 visu
777 2321 786 2339 ,
811 2301 889 2329 nec
907 2293 1025 2329 tactu
1051 2293 1234 2337 tenetur,
1260 2299 1338 2327 nec
1353 2281 1529 2326 auditur
1546 2282 1695 2337 affatu,

331 2374 411 2404 nec
443 2356 624 2402 sentitur
656 2355 867 2415 incessu.]
906 2355 1079 2411 Quibus
1099 2353 1243 2398 verbis
1271 2347 1422 2397 beatus
1448 2351 1699 2397 Ambrosius

332 2428 471 2475 voluit
501 2425 731 2471 admonere
757 2425 863 2489 quid
892 2425 1081 2470 debeant
1103 2424 1298 2469 homines
1326 2438 1599 2486 praeparare,
1621 2420 1696 2484 qui

330 2498 486 2545 volunt
506 2499 646 2541 Deum
668 2496 833 2550 videre-,¹
862 2495 946 2540 hoc
974 2504 1059 2551 est,
1096 2511 1171 2540 cor
1198 2492 1409 2538 mundare
1438 2508 1517 2554 per
1538 2490 1692 2547 fidem,

331 2586 430 2633 quae
447 2585 522 2631 per
540 2567 813 2613 dilectionem
829 2576 1050 2630 operatur,
1067 2565 1182 2611 dono
1199 2564 1386 2627 Spiritus
1401 2562 1555 2618 sancti,
1580 2560 1696 2608 unde

378 2654 387 2676 ι
412 2650 527 2684 Matth.
548 2662 578 2685 v,
600 2651 628 2681 8.
