1799 3251
397 230 447 285 ¹2
796 241 829 270 s.
876 234 1114 268 Acce-svm
1152 231 1350 267 eruscos-1

456 309 532 354 lx.
578 304 739 351 Deinde
759 303 973 364 adjungit,
1006 325 1026 344 «
1054 303 1105 347 In
1135 318 1209 347 sua
1242 303 1420 366 propria
1449 303 1567 349 venit
1586 339 1596 358 ‚
1622 313 1663 348 et
1683 296 1750 349 sui

394 401 414 421 >³
435 395 532 424 eum
569 393 655 421 non
689 373 969 437 receperunt·¹
996 391 1006 417 ε
1036 395 1055 414 »
1086 371 1172 417 sive
1196 373 1299 435 quia
1319 383 1361 417 et
1381 373 1464 436 ipsi
1486 373 1679 419 infideles
1711 373 1756 418 in

393 458 605 512 quantum
631 445 826 490 homines
849 453 970 496 sunt,
992 445 1081 501 ejus
1105 452 1204 486 sunt
1226 459 1304 505 per
1327 458 1456 505 quem
1477 444 1608 488 creati
1626 453 1723 488 sunt
1743 459 1754 487 ι

394 520 480 564 sive
501 533 597 562 suos
619 514 792 578 proprie
820 512 999 559 Judaeos
1028 511 1206 571 intelligi
1229 512 1364 558 voluit
1384 550 1394 568 ‚
1422 529 1468 558 ex
1491 514 1652 576 quibus
1678 530 1760 558 na-

393 600 531 634 turam
555 585 694 630 carnis
717 583 972 645 assumpsit,
999 598 1077 627 nec
1109 592 1253 627 tamen
1282 599 1429 628 omnes
1462 599 1561 628 eum
1584 600 1672 628 non
1691 598 1756 627 re-

397 665 619 720 ceperunt.
651 653 854 716 Sequitur
871 652 983 697 enim
1002 662 1043 697 et
1059 650 1166 696 dicit
1188 668 1198 695 ι
1228 672 1248 692 α
1269 651 1497 715 Quotquot
1530 663 1672 698 autem
1693 668 1763 697 re-

401 750 420 769 »
441 735 649 788 ceperunt
690 740 786 768 eun]
805 760 814 777 ,
864 721 983 767 dedit
1016 721 1075 766 eis
1115 732 1367 784 potestatem
1405 722 1516 768 filios
1546 723 1624 768 Dei
1672 723 1763 767 ficri

401 819 421 839 ))
443 794 716 841 credentibus
735 793 779 838 in
803 793 976 838 nomine
1006 795 1119 851 eim,
1147 792 1223 855 qui
1254 809 1342 837 non
1373 810 1419 838 ex
1454 793 1762 852 sanguinibus,

400 889 420 908 »
442 881 577 928 neque
599 881 645 909 ex
673 862 891 908 voluntate
908 861 1048 907 carnis
1064 898 1074 916 ‚
1096 878 1236 924 neque
1256 879 1302 907 ex
1328 862 1549 908 voluntate
1570 862 1675 918 viri,
1695 861 1767 907 sed

404 958 425 978 »
444 952 491 981 ex
522 935 610 979 Deo
630 933 717 978 nati
744 933 889 978 sunt‘2.
915 953 934 972 n
962 931 1070 977 Haec
1087 941 1148 976 est
1178 932 1313 991 gratia
1348 931 1461 977 Novi
1480 932 1760 981 Testamenti.

404 1003 520 1068 quod
540 1005 582 1049 in
610 1003 759 1047 Vetere
789 1001 943 1056 latuit,
976 1017 1054 1046 nec
1091 1012 1232 1047 tamen
1277 1003 1425 1061 figuris
1460 1001 1771 1047 obumbranti-

407 1075 489 1118 bus
527 1071 777 1135 prophetari
814 1070 1189 1133 praenuntiarique
1224 1071 1426 1127 cessavit,
1477 1082 1523 1116 ut
1563 1069 1771 1131 intelligat

408 1143 551 1187 anima
583 1144 719 1185 Deum
746 1156 894 1195 suum,
929 1150 969 1183 et
998 1139 1134 1197 gratia
1169 1144 1260 1199 ejtls
1297 1151 1542 1185 renascatur
1564 1140 1640 1186 illi.
1667 1140 1774 1185 Haec

408 1212 572 1275 quippe
593 1209 792 1254 nativitas
822 1206 1026 1271 spiritalis
1066 1219 1151 1266 est,
1173 1209 1270 1255 ideo
1301 1227 1384 1255 non
1403 1227 1448 1255 ex
1467 1209 1747 1269 sanguinibus
1762 1246 1773 1264 ‚

411 1298 498 1326 non
519 1296 562 1324 ex
587 1278 805 1324 voluntate
830 1278 906 1322 viri
925 1314 935 1332 ‚
962 1293 1101 1340 neque
1122 1296 1170 1324 ex
1195 1279 1417 1326 voluntate
1437 1280 1578 1324 carnis
1597 1317 1607 1336 ,
1635 1278 1706 1325 sed
1730 1295 1776 1323 ex

415 1351 521 1397 Deo,

476 1423 531 1466 X.
573 1419 680 1465 Haec
701 1419 826 1464 etiam
858 1418 1036 1482 adoptio
1058 1429 1251 1467 vocatur.
1274 1420 1454 1465 Eramus
1476 1419 1589 1465 enim
1615 1417 1779 1482 aliquid

413 1501 642 1553 antequam
667 1506 847 1535 essemus
871 1490 949 1535 filii
970 1490 1074 1547 Dei,
1095 1500 1136 1535 et
1152 1490 1398 1553 accepimus
1420 1491 1678 1535 heneficium
1694 1527 1704 1543 ‚
1734 1501 1780 1534 ut

414 1560 611 1606 fieremus
634 1558 750 1621 quod
772 1576 858 1604 non
883 1576 1053 1605 eramus
1076 1577 1085 1604 :
1120 1559 1232 1606 sicut
1262 1560 1337 1623 qui
1379 1559 1629 1622 adoptatur,
1659 1569 1779 1604 ante-

414 1647 545 1693 quam
567 1628 844 1690 adoptaretur
861 1665 871 1682 ‚
903 1628 1099 1674 nondum
1122 1640 1214 1675 erat
1239 1629 1353 1675 filius
1376 1633 1467 1689 ejus
1493 1648 1515 1675 a
1533 1645 1621 1692 quo
1647 1628 1780 1692 adop-

416 1710 546 1752 tatur,
566 1702 655 1758 jam
683 1709 823 1743 tamen
845 1710 936 1743 erat
951 1700 1025 1761 qui
1059 1698 1353 1762 adoptaretur.
1381 1701 1436 1744 Et
1457 1700 1512 1745 ab
1541 1700 1625 1745 hac
1649 1716 1779 1759 gene-

413 1771 577 1817 ratione
594 1768 741 1828 gratiae
754 1767 1011 1815 discernitur
1029 1769 1097 1815 ille
1123 1770 1273 1825 Filius,
1299 1772 1374 1833 qui
1403 1787 1500 1816 cum
1521 1781 1623 1815 essct
1652 1770 1780 1816 Filius

417 1841 521 1894 Dei‚
548 1840 661 1883 venit
695 1849 739 1882 ut.
773 1839 890 1884 fieret
924 1839 1036 1884 filius
1071 1840 1288 1895 hominis,
1329 1841 1594 1904 donaretque
1625 1839 1776 1891 nobis,

415 1910 677 1974 quieramus
714 1908 791 1953 filii
820 1909 1047 1955 hominum
1069 1947 1079 1966 ‚
1119 1910 1248 1956 Filios
1281 1911 1362 1957 Dei
1402 1912 1506 1957 fieri.
1543 1915 1697 1956 Factus
1719 1920 1780 1956 est

414 1980 578 2043 quippe
595 1978 665 2024 ille
688 1977 805 2041 quod
825 1995 910 2023 non
934 1991 1022 2025 erat
1037 2017 1048 2036 ,
1076 1979 1148 2025 sed
1171 1990 1310 2026 tamen
1331 1980 1495 2044 aliquid
1520 1979 1637 2026 aliud
1661 1990 1775 2035 erat,

416 2061 456 2094 et
475 2049 561 2094 hoc
584 2049 724 2111 ipsun]
746 2047 908 2110 aliquid
934 2048 1124 2094 Verbum
1150 2049 1227 2095 Dei
1252 2061 1366 2102 erat,
1399 2068 1477 2113 per
1514 2049 1634 2114 quod
1665 2049 1779 2094 facta

414 2129 513 2164 sunt
547 2117 717 2173 omnia,
753 2128 794 2162 et
830 2118 976 2163 lumen
1011 2135 1160 2164 verum
1197 2121 1315 2183 quod
1358 2121 1576 2167 illuminat
1607 2136 1779 2165 omnem

410 2187 629 2233 hominem
661 2186 894 2231 venientem
927 2187 968 2232 in
1005 2188 1126 2233 hunc
1159 2189 1397 2236 mundum.
1433 2201 1474 2236 et
1508 2194 1622 2236 Deus
1660 2188 1777 2252 apud

409 2261 566 2304 Deum.
610 2257 694 2302 Nos
727 2273 898 2320 quoque
937 2276 1012 2320 per
1048 2263 1138 2318 ejus
1159 2261 1336 2319 gratiam
1357 2262 1457 2307 facti
1483 2278 1627 2306 sumus
1659 2260 1777 2323 quod

414 2346 498 2373 non
516 2343 709 2375 eramus,
735 2327 777 2371 id
803 2338 863 2371 est
890 2327 981 2372 Filii
1010 2329 1118 2374 Dei:
1149 2330 1220 2374 sed
1246 2341 1386 2376 tamen
1406 2331 1568 2394 aliquid
1590 2346 1773 2384 eramus,

413 2409 453 2443 et
477 2398 560 2443 hoc
583 2396 724 2459 ipsum
752 2395 914 2459 aliquid
932 2397 1070 2443 multo
1086 2399 1262 2445 inferius
1284 2437 1294 2453 ,
1324 2401 1408 2446 hoc
1433 2412 1495 2446 est
1520 2400 1596 2446 filii
1628 2399 1778 2444 homi-

412 2485 530 2514 num.
557 2465 784 2512 Descendit
800 2483 899 2526 ergo
918 2466 988 2512 ille
1012 2478 1057 2512 ut
1074 2485 1149 2513 nos
1167 2470 1493 2517 ascenderemus
1511 2509 1521 2521 ,
1542 2481 1582 2516 et
1603 2485 1776 2515 manens

453 2552 462 2572 ¹
484 2553 616 2588 Joau.1‚
639 2560 743 2580 11.—-
761 2547 945 2582 21bid.12.
