1799 3251
551 282 761 314 EPls'roLA
797 284 958 315 crxvu.
1362 272 1455 333 349

89 361 278 398 caeteras.
306 349 377 394 Sic
396 358 437 393 et
453 346 664 393 fortitudo
689 348 941 411 imprudens
966 366 1051 395 esse
1075 366 1162 395 non
1188 360 1360 414 potest,
1394 350 1462 397 vel

88 422 404 483 intemperans,
428 418 495 464 vel
518 419 674 478 injusta
703 436 713 462 z
737 419 796 463 sic
815 420 1099 481 temperantia
1124 437 1292 466 necesse
1315 431 1392 475 est,
1415 430 1463 465 ut

89 492 299 555 prudens,
321 489 468 545 fortis,
496 500 538 534 et
561 493 676 549 justa
706 489 758 534 sit
791 507 800 533 :
823 490 1066 549 sicjustitia
1094 507 1181 536 non
1206 501 1284 546 est,
1312 490 1390 535 nisi
1409 489 1464 535 sit

90 560 281 625 prudens
301 596 311 614 ‚
348 558 471 604 fortis
490 596 500 614 ,
535 570 576 604 et
611 570 870 621 temperans.
910 561 977 604 lta
1002 560 1080 605 ubi
1107 576 1206 606 vera
1237 570 1298 605 est
1322 559 1465 622 aliqua

89 647 238 676 earum
257 666 267 684 ‚
310 639 351 674 et
389 628 482 674 aliae
516 629 712 674 similiter
744 639 873 674 sunt:
897 629 976 674 ubi
1001 640 1143 675 autem
1163 629 1259 675 aliae
1277 630 1433 675 desunt
1449 665 1461 684 ‚

90 717 190 748 vera
223 699 296 746 illa
319 716 406 745 non
429 709 523 753 est,
555 698 716 745 etiamsi
750 698 897 762 aliquo
936 699 1065 745 modo
1100 699 1250 745 similis
1280 716 1366 745 esse
1395 699 1466 745 vi·-

93 770 260 817 deatur.

155 841 232 887 VI.
261 841 372 886 Sunt
388 840 518 898 enim,
538 850 586 886 ut
606 840 704 895 scis,
725 839 926 902 quaedam
944 839 1048 885 vitia
1066 839 1303 885 virtutibus
1320 849 1467 904 aperta

92 911 350 958 discretione
374 911 593 956 contraria
613 948 624 966 ,
663 921 713 956 ut
742 909 1038 973 imprudentia
1059 909 1324 973 prudentiae.
1357 910 1469 956 Sunt

94 992 237 1028 autem
265 980 467 1044 quaedam
492 991 661 1025 tantum
688 981 791 1043 quia
822 980 926 1026 vitia
948 990 1071 1035 sunt,
1096 981 1194 1026 ideo
1219 981 1438 1026 contraria
1456 1017 1468 1038 ‚

92 1051 284 1117 quadam
313 1063 458 1096 tamen
482 1051 623 1114 specie
645 1050 789 1096 fallaci
820 1050 976 1096 similia
996 1087 1006 1106 ,
1035 1061 1083 1095 ut
1107 1051 1244 1096 eidem
1271 1051 1471 1114 pruden-

93 1123 168 1168 tiae
189 1159 199 1177 ‚
229 1139 319 1168 non
344 1121 659 1184 imprudentia,
690 1120 763 1166 sed
782 1121 950 1167 astutia.
978 1122 1104 1166 Nunc
1125 1121 1238 1166 enim
1260 1139 1350 1166 eam
1372 1120 1471 1166 dico

97 1192 297 1239 astutiam
316 1227 326 1245 ,
352 1209 451 1255 quae
478 1192 676 1237 usitatius
710 1191 755 1236 in
792 1190 1017 1236 malitiosis
1050 1190 1232 1250 intelligi
1262 1201 1303 1236 et
1325 1190 1472 1237 vocari

97 1263 227 1318 solet,
255 1279 343 1308 non
369 1263 478 1307 sicut
503 1273 646 1307 nostra
676 1261 797 1325 loqui
832 1261 1062 1324 Scriptura
1100 1262 1351 1318 consuevit,
1375 1278 1475 1326 quae

94 1350 209 1397 saepe
245 1333 444 1378 astutiam
475 1333 519 1378 in
553 1333 671 1378 bono
701 1332 858 1395 ponit:
888 1331 1003 1376 unde
1025 1369 1035 1387 ‚
1072 1332 1258 1376 «Estote
1278 1332 1406 1377 astuti
1427 1341 1476 1377 ut

97 1426 118 1446 »
142 1413 357 1466 serpentes
377 1402 395 1431 1
415 1420 425 1447 ε
455 1426 473 1444 ›>
497 1414 539 1448 et
585 1402 720 1459 illud,
748 1424 769 1444 «
794 1403 850 1448 Ut
874 1412 915 1447 et
938 1402 1249 1447 innocentibus
1273 1401 1344 1447 det
1365 1412 1478 1447 astu-

97 1495 118 1516 »
142 1474 246 1520 tiam
265 1473 297 1520 ².
324 1495 344 1514 >³
366 1473 630 1536 Quanquam
662 1483 702 1518 et
736 1472 855 1536 apud
876 1472 970 1517 illos
993 1472 1205 1517 Romanae
1223 1471 1385 1532 linguae
1402 1471 1475 1517 di-

98 1544 352 1590 sertissimus
383 1543 564 1599 dixerit,
600 1564 620 1584 «
654 1545 804 1606 Neque
848 1542 910 1588 illi
948 1553 1090 1587 tamen
1127 1541 1182 1587 ad
1227 1541 1472 1588 cavendum

101 1636 122 1658 »
147 1614 292 1670 dolus,
314 1624 387 1659 aut
408 1614 563 1660 astutia
583 1613 761 1658 deerant
779 1613 814 1669 ὃ,
835 1634 855 1654 )>
877 1613 1078 1657 astutiam
1091 1611 1313 1674 ponensin
1329 1612 1471 1657 bono:

100 1685 174 1733 sed
193 1685 313 1750 apud
335 1685 430 1730 illos
445 1685 731 1741 rarissimum,
757 1684 873 1748 apud
897 1695 1064 1729 nostros
1079 1682 1478 1745 frequentissimum

101 1767 176 1803 est.
203 1758 398 1819 Itemque
426 1756 469 1801 in
498 1755 698 1818 partibus
730 1754 1028 1818 temperantiae
1046 1791 1056 1809 ‚
1094 1753 1356 1816 apertissime
1374 1769 1477 1798 con-

104 1827 235 1872 traria
262 1836 324 1871 est
341 1825 489 1870 effusio
512 1825 796 1888 parcimoniae
819 1842 829 1869 t
854 1842 900 1870 ea
927 1841 1026 1870 vero
1041 1840 1141 1888 quae
1166 1823 1371 1868 tenacitas
1389 1822 1478 1868 dici

103 1897 234 1957 vulgo
273 1895 402 1952 solet,
436 1896 588 1941 vitium
615 1894 792 1958 quidem
829 1905 889 1940 est
909 1932 920 1950 ,
946 1905 1089 1940 tamen
1116 1893 1402 1957 parcimoniae
1425 1892 1479 1938 si-

104 1967 205 2013 mile
224 2003 234 2021 ‚
257 1982 346 2011 non
367 1976 542 2021 natura,
583 1965 653 2010 sed
676 1964 945 2010 fallacissima
972 1965 1128 2027 specie.
1156 1964 1264 2008 Item
1291 1962 1482 2008 dissimi—

106 2036 291 2084 litudine
325 2036 550 2081 manifesta
571 2035 789 2081 contraria
813 2046 873 2080 est
900 2035 1110 2094 injustitia
1142 2034 1324 2094 justitiae
1346 2051 1356 2078 :
1378 2032 1485 2079 solet

108 2119 252 2153 autem
280 2107 404 2170 quasi
432 2106 591 2152 imitari
616 2105 829 2165 jtlstitiam
860 2105 1113 2151 vindicandi
1140 2122 1182 2150 se
1210 2103 1349 2149 libido
1373 2140 1386 2160 ,
1410 2102 1483 2148 sed

109 2177 264 2224 vitium
289 2187 362 2222 est.
401 2176 579 2236 Ignavia
611 2175 859 2221 fortitudini
894 2176 1123 2239 perspicue
1152 2174 1369 2220 contraria
1385 2184 1480 2219 est:

110 2248 268 2295 duritia
286 2265 386 2293 vero
407 2247 537 2292 distat
556 2257 728 2304 natura,
751 2247 862 2293 fallit
880 2246 1177 2293 similitudine.
1207 2245 1481 2300 Constantia,

110 2336 212 2383 pars
233 2317 435 2382 quaedam
468 2317 638 2362 virtutis
661 2329 720 2363 est
760 2335 770 2363 ε
812 2319 867 2363 ab
896 2317 1008 2373 hac,
1040 2316 1329 2362 inconstantia
1362 2315 1488 2375 longe

114 2389 341 2443 abhorret,
366 2399 407 2434 et
430 2387 611 2433 indubie
635 2389 898 2434 contrasistit
931 2405 941 2432 :
969 2388 1206 2451 pertinacia
1236 2402 1335 2432 vero
1356 2402 1489 2431 cons-

115 2459 253 2506 tantia
283 2458 372 2505 dici
396 2459 593 2515 affectat,
620 2470 661 2505 et
684 2476 772 2505 non
791 2469 880 2513 est;
904 2458 1006 2522 quia
1036 2458 1110 2505 illa
1130 2468 1191 2504 est
1212 2456 1348 2503 virtus
1365 2493 1376 2513 ,
1403 2455 1491 2501 hoc

117 2540 288 2577 vitium.

166 2615 177 2639 ¹
195 2614 312 2648 Matth.
329 2626 361 2655 x,
387 2617 436 2647 16.
456 2630 502 2638 —
520 2613 535 2636 2
554 2615 647 2648 Prov.
673 2625 701 2654 1,
720 2618 751 2649 4,
773 2633 815 2639 -
834 2611 848 2636 ³
865 2611 1030 2645 Sallustius
1047 2611 1084 2644 de
1102 2612 1186 2644 bello
1205 2611 1331 2644 catilin.
