1799 3251
519 333 726 365 EPISTOLA
763 336 946 367 cmxxxv.
1345 304 1438 382 463

70 400 391 447 transeuntibus
415 418 495 464 per
530 400 755 446 lucernam
793 412 1079 465 conspectus,
1119 402 1287 463 agnitus
1313 415 1443 469 atque

71 471 277 517 collectus
292 508 302 527 ,
330 481 371 516 et
395 470 448 516 ad
472 470 713 530 religiosam
731 470 909 516 domum
938 481 1190 535 apportatus
1205 510 1216 528 ,
1239 472 1438 522 adhibita

70 558 226 602 magna
256 558 385 596 cura,
422 551 520 605 post
556 540 717 587 multos
741 540 830 587 dies
861 542 915 587 ab
941 542 1013 587 illa
1041 541 1335 605 desperatione
1365 563 1438 591 re-

71 622 238 661 creatus
258 622 318 657 est
351 630 361 657 :
389 612 581 658 occisum
604 628 701 657 eum
732 622 874 657 tamen
907 612 1020 657 fama
1051 612 1206 659 scelere
1232 615 1438 661 Donatis-

69 691 214 728 tarum
240 683 368 728 etiam
391 693 507 728 trans
542 699 658 728 mare
694 682 971 728 nuntiaverat
998 700 1007 727 :
1045 699 1131 746 quo
1156 695 1438 748 posteaquam

71 753 189 797 venit
206 790 216 807 ‚
255 763 296 798 et
333 753 420 798 vita
463 755 552 812 ejus
593 752 939 815 inopinatissima
983 752 1188 815 apparuit
1211 790 1222 809 ,
1263 754 1440 800 cicatri-

72 822 197 867 cibus
223 823 308 868 suis
328 860 338 879 ,
379 833 467 867 tam
503 822 676 878 multis,
717 832 803 867 tam
839 821 1112 882 ingentibus,
1142 832 1230 867 tam
1257 826 1440 871 recenti-

71 891 180 948 bus,
210 910 297 938 non
334 893 491 939 frustra
532 892 692 939 famam
727 903 950 938 mortuum
988 910 1030 938 se
1065 893 1281 939 nuntiasse
1311 912 1439 941 mon—

72 963 235 1010 stravit.

137 1032 328 1078 XXVIII
351 1033 567 1079 Auxilium
591 1050 690 1093 ergo
714 1033 867 1096 petivit
894 1033 950 1078 ab
988 1034 1254 1096 Imperatore
1284 1035 1440 1082 Chris-

73 1103 206 1159 tiano,
229 1114 417 1149 nontam
437 1104 504 1149 sui
533 1103 770 1149 ulciscendi
789 1121 918 1150 causa
941 1121 1071 1167 quam
1091 1104 1265 1149 tuendae
1289 1105 1441 1153 Eccless

73 1173 145 1219 siae
168 1173 252 1219 sibi
271 1173 463 1221 creditae.
497 1173 627 1231 Quod
642 1174 675 1219 si
693 1174 1052 1237 praetermisisset,
1074 1191 1162 1219 non
1185 1178 1275 1234 ejus
1298 1175 1446 1223 fuisset

72 1241 289 1289 laudanda
312 1243 539 1306 patientia,
561 1243 634 1289 secl
648 1243 902 1303 negligentia
916 1243 1067 1289 merito
1091 1243 1325 1306 culpanda.
1351 1245 1443 1292 Ne-

73 1329 158 1375 que
178 1314 291 1359 enim
313 1325 354 1359 et
384 1313 615 1377 Apostolus
633 1313 795 1360 Paulus
815 1314 919 1360 vitae
939 1330 1027 1359 suae
1049 1314 1308 1360 transitoriae
1332 1332 1443 1361 con-

74 1382 299 1439 sulebat1,
329 1383 400 1429 sed
429 1384 633 1429 Ecclesiae
666 1384 763 1439 Dei,
792 1384 968 1447 quando
997 1395 1150 1429 contra
1190 1384 1286 1430 illos
1307 1422 1317 1440 ,
1366 1387 1444 1448 qui

73 1469 173 1498 eum
197 1453 392 1499 occidere
409 1454 779 1517 conspiraverant,
807 1454 1034 1499 consilium
1059 1454 1236 1499 illorum
1265 1455 1444 1502 tribuno

74 1533 123 1567 ut
141 1523 397 1585 proderetur
414 1525 566 1570 effecit.
595 1523 720 1569 Unde
740 1524 903 1570 factum
929 1535 991 1570 est
1012 1536 1058 1570 ut
1092 1541 1190 1570 eum
1214 1523 1268 1570 ad
1296 1524 1445 1572 locum

74 1593 192 1655 quod
215 1593 354 1640 fuerat
373 1593 696 1657 perducendus,
736 1594 970 1641 deduceret
1008 1594 1129 1639 miles
1153 1605 1359 1650 armatus,
1393 1613 1446 1642 ne

75 1663 245 1708 illorum
262 1674 482 1726 pateretur
494 1663 683 1710 insidias.
708 1664 926 1710 Romanas
940 1665 1067 1710 etiam
1087 1663 1196 1724 leges
1211 1663 1446 1727 implorare

77 1734 252 1779 minime
276 1734 513 1790 dubitavit,
541 1735 677 1780 civem
703 1737 952 1781 Romanum
977 1752 1018 1781 se
1033 1751 1118 1780 esse
1146 1735 1441 1797 proclamans,

76 1820 184 1866 quos
217 1812 321 1850 tunc
349 1805 474 1865 affligi
512 1805 768 1851 verberibus
797 1823 883 1851 non
921 1805 1081 1851 licebat
1104 1805 1137 1851 ἓ.
1168 1806 1364 1869 Itemque
1395 1816 1448 1852 ne

75 1874 240 1920 Judaeis
262 1892 358 1920 eum
375 1875 570 1920 intimere
587 1875 867 1938 cupientibus
887 1875 1145 1931 traderetur,
1175 1877 1354 1921 Caesaris
1370 1893 1446 1939 po-

79 1945 448 2007 poscitauxilium,
471 1946 659 1991 Romani
672 1945 847 2008 quidem
861 1945 1092 2009 principiS,
1108 1945 1281 1991 sednon
1299 1946 1449 1992 Chris·

78 2015 182 2060 tiani
203 2015 234 2061 3.
264 2015 350 2060 Ubi
384 2015 483 2061 satis
508 2016 724 2071 ostendit,
766 2017 873 2079 quid
900 2016 1040 2062 facere
1072 2027 1220 2079 postea
1242 2015 1449 2076 deberent

77 2085 240 2130 Christi
264 2083 600 2148 dispensatores,
635 2086 815 2150 quando
846 2087 1132 2149 imperatores
1177 2086 1447 2133 Christianos

79 2153 349 2218 periclitante
376 2155 568 2201 Ecclesia
588 2156 840 2219 reperirent.
866 2157 981 2202 Hinc
1011 2173 1110 2216 ergo
1134 2155 1299 2202 factum
1323 2167 1383 2202 est
1403 2167 1450 2203 ut

78 2229 320 2288 Imperator
336 2225 556 2285 religiosus
579 2236 621 2271 et
638 2227 734 2289 pius
752 2227 929 2290 perlatis
946 2227 989 2272 in
1010 2226 1209 2272 notitiam
1234 2243 1353 2272 suam
1382 2238 1450 2273 ta-

79 2295 194 2341 libus
208 2296 346 2342 causis
361 2333 371 2352 ,
394 2296 519 2342 malle
543 2296 744 2359 piissimis
766 2297 932 2358 legibus
950 2296 1064 2342 illius
1078 2296 1313 2359 impietatis
1336 2314 1453 2343 erro-

79 2384 168 2412 rem
190 2368 367 2413 omnino
385 2367 612 2427 corrigere,
640 2378 681 2413 et
695 2385 765 2414 eos
786 2369 859 2431 qui
876 2378 1027 2414 contra
1046 2367 1270 2413 Christum
1288 2368 1454 2415 Christi

79 2439 197 2498 signa
241 2449 482 2501 portarent,
527 2438 578 2483 ad
626 2439 837 2484 unitatem
877 2437 1142 2485 catholicam
1185 2439 1385 2485 terrendo
1416 2449 1458 2485 et

77 2508 321 2553 coercendo
347 2508 553 2567 redigere,
577 2525 709 2571 quam
729 2508 932 2554 saeviendi
955 2508 1259 2554 tantummodo
1289 2509 1453 2555 auferre

82 2577 318 2633 licentiam,
342 2589 383 2623 et
407 2578 578 2623 errandi
601 2596 651 2624 ac
673 2578 883 2642 pereundi
904 2577 1161 2640 relinquere.

131 2661 140 2683 ¹
163 2659 669 2700 Act.xx¹¹1.17.—21d.xxu‚
692 2664 746 2693 25.
762 2680 804 2686 —
819 2658 833 2684 3
853 2661 997 2701 1d.xxv‚
1021 2670 1074 2694 1¹.
