1799 3251
293 245 383 299 264
711 258 744 287 s.
790 257 1031 288 Arcusrlm
1069 258 1271 288 eviscovi

352 323 512 370 XXIV.
538 323 620 369 Hic
640 324 788 386 utique
805 322 1065 369 dicuntideo
1085 334 1225 387 patres
1247 323 1448 387 antiquos
1468 339 1555 367 non
1569 321 1665 367 vin-

291 393 448 439 didisse
462 393 606 439 omnia
624 410 724 457 quae
746 393 989 450 habebant,
1011 404 1052 438 et
1073 394 1238 440 dedisse
1256 393 1543 458 pauperibus,
1565 390 1667 454 quia

296 464 385 510 hoc
409 464 466 510 eis
501 481 587 509 non
614 473 883 526 praeceperat
913 463 1140 510 Dominus.
1170 464 1377 509 Nondum
1408 463 1521 508 enim
1547 477 1669 506 reve-

291 535 381 581 lato
415 536 688 580 'testamento
712 534 836 579 Novo
856 570 866 589 ,
893 533 1012 598 quod
1043 551 1131 580 non
1155 534 1247 580 fieri
1284 535 1363 579 nisi
1399 530 1671 597 plenitudine

294 606 500 669 temporis
520 605 768 668 oportebat,
805 621 884 650 nec
903 621 1051 651 eorum
1077 605 1213 650 virtus
1244 604 1386 650 fuerat
1420 600 1668 656 revelanda,

293 693 380 740 qua
411 676 570 721 virtute
603 675 690 721 hoc
723 692 792 721 eos
810 674 1014 720 facillime
1033 692 1174 738 posse,
1202 676 1376 721 Deusin
1399 690 1548 721 eorum
1571 688 1674 717 cor-

290 746 420 792 dibus
447 756 641 802 noverat‚
665 746 740 809 qui
761 746 1052 790 testimonium
1074 745 1157 790 illis
1175 757 1263 791 tam
1289 745 1452 805 insigne
1472 741 1675 808 perhibe-

292 817 386 874 bat,
430 828 476 863 ut
496 833 595 863 cum
623 817 676 863 sit
712 817 905 862 omnium
942 826 1191 862 sanctorum
1222 818 1362 871 Deus,
1390 827 1598 880 tanquam
1621 810 1676 857 de

294 887 531 950 praecipuis
553 887 702 932 amicis
725 886 811 932 suis
828 886 969 931 dicere
993 886 1246 946 dignaretur
1266 904 1276 931 :
1299 908 1318 927 α
1337 888 1427 946 Ego
1450 903 1541 931 sum
1563 886 1677 930 Deus

295 978 316 999 »
343 958 586 1012 Abraham,
617 957 734 1002 Deus
765 958 900 1012 Isaac,
930 960 1047 1002 Deus
1067 958 1206 1002 Jacob
1230 974 1241 1002 ι
1274 957 1361 1002 hoc
1387 957 1496 1002 mihi
1514 972 1671 1001 nomen

296 1048 317 1069 ›>
346 1038 407 1073 est
424 1027 468 1072 in
501 1037 712 1072 aeternum
734 1026 768 1074 4.
798 1048 819 1069 ³>
843 1028 996 1073 Postea
1016 1044 1117 1074 vero
1135 1044 1267 1090 quam
1295 1044 1502 1087 magnum
1527 1026 1671 1089 pieta-

299 1098 350 1143 tis
369 1108 686 1143 sacramentum
709 1096 1027 1143 manifestatum
1065 1109 1126 1143 est
1148 1098 1193 1142 in
1223 1114 1350 1142 carne
1367 1135 1376 1152 ,
1401 1108 1442 1143 et
1464 1094 1675 1143 vocandis

295 1169 499 1213 omnibus
523 1168 722 1227 gentibus
740 1167 903 1214 Christi
925 1167 1133 1214 adventus
1150 1168 1307 1223 illuxit,
1334 1168 1379 1212 in
1395 1184 1524 1231 quem
1546 1167 1674 1212 etiam

296 1238 357 1284 illi
384 1249 527 1301 patres
550 1237 842 1293 crediderant,
871 1238 942 1284 sed
978 1239 1110 1298 hujUs
1150 1238 1251 1284 fidei
1276 1238 1435 1283 olivam
1462 1255 1540 1284 suo
1567 1247 1677 1283 tem-

298 1325 403 1370 pore
425 1307 801 1364 manifestandam,
832 1308 874 1353 in
902 1309 1017 1354 illius
1041 1308 1209 1354 arboris
1244 1308 1297 1354 de
1320 1325 1405 1371 qua
1443 1307 1678 1371 Apostolus

290 1377 486 1440 loquitur
504 1377 540 1433 2,
558 1387 769 1440 tanquam
784 1378 928 1424 radice
952 1379 1198 1432 servabant,
1229 1378 1396 1424 dictum
1420 1389 1482 1424 est
1511 1377 1636 1423 diviti
1659 1393 1669 1421 ε

296 1447 474 1502 «Vade,
504 1447 639 1493 vende
663 1448 806 1493 onmia
831 1466 932 1512 quae
976 1449 1128 1504 habes,
1152 1458 1193 1494 et
1218 1449 1272 1494 da
1299 1448 1593 1512 pauperibus,
1639 1456 1680 1492 et

296 1538 317 1558 »
337 1517 525 1563 habebis
546 1517 799 1563 thesaurum
823 1518 867 1563 in
886 1518 1024 1572 coelis,
1048 1529 1089 1564 et
1116 1519 1213 1564 veni
1233 1535 1408 1582 sequere
1429 1535 1495 1563 me
1517 1517 1550 1564 ³.
1574 1539 1594 1559 »

359 1588 495 1634 XXV.
529 1588 683 1633 Haecsi
706 1588 888 1643 dicunt,
920 1588 1122 1635 videntur
1159 1589 1326 1652 aliquid
1360 1587 1681 1634 rationabiliter

294 1657 449 1704 dicere.
475 1657 559 1703 Sed
577 1668 717 1703 totum
737 1658 936 1713 audiant,
957 1670 1092 1704 totum
1112 1658 1357 1714 advertant,
1379 1676 1467 1704 non
1489 1658 1534 1703 in
1553 1667 1680 1721 parte

303 1735 424 1773 aures
446 1727 660 1790 aperiant,
688 1728 732 1772 in
775 1738 897 1791 parte
917 1727 1181 1776 surdescant.
1230 1729 1314 1775 Cui
1334 1729 1448 1774 enim
1470 1727 1683 1774 Dominus

301 1797 399 1843 haec
416 1798 662 1860 praecepit?
685 1798 886 1844 Profecto
908 1799 970 1844 illi
997 1799 1141 1851 diviti,
1165 1801 1241 1862 qui
1261 1800 1362 1845 vitae
1377 1809 1552 1845 aeternae
1571 1815 1683 1844 con-

301 1867 530 1930 sequendas
552 1868 781 1914 consilium
803 1870 1028 1931 quaerebat
1058 1870 1268 1933 accipere.
1311 1871 1408 1916 Hoc
1446 1870 1560 1916 enim
1588 1870 1682 1914 Do·-

300 1938 418 1982 mino
438 1936 601 1983 dixerat
627 1955 637 1983 :
664 1959 683 1978 c<
700 1938 821 1994 Quid
855 1939 1030 1995 faciam,
1056 1950 1104 1985 ut
1132 1942 1265 1986 vitam
1299 1951 1502 1986 aeternam
1529 1957 1685 1986 conse-

304 2030 318 2047 »
337 2023 447 2070 quar
466 2010 484 2052 ‘9
503 2028 521 2047 ›>
550 2007 627 2052 lile
666 2019 807 2054 autem
840 2026 926 2054 non
960 2010 996 2054 ei
1029 2010 1253 2072 respondit
1276 2047 1286 2066 ,
1312 2010 1357 2056 Si
1380 2011 1443 2056 vis
1467 2011 1611 2056 venire
1631 2010 1685 2056 ad

306 2077 459 2132 vitam,
482 2077 606 2134 vade,
633 2077 769 2124 vende
787 2079 931 2124 omnia
950 2096 1051 2142 quae
1076 2080 1236 2126 habes:
1265 2101 1284 2122 α
1306 2080 1389 2126 Sed
1411 2081 1442 2126 si
1463 2081 1526 2126 vis
1543 2082 1688 2128 venire

313 2170 329 2188 »
346 2147 400 2192 ad
423 2147 573 2203 vitam,
619 2165 737 2193 serva
775 2149 979 2194 mandata
997 2149 1032 2194 4.
1059 2172 1077 2190 »
1103 2151 1399 2210 Quaejuvenis
1427 2168 1527 2197 cum
1557 2152 1640 2197 sibi
1664 2169 1687 2197 a

306 2217 497 2263 Domino
535 2234 581 2263 ex
611 2219 722 2279 Lege
762 2231 1100 2266 commemorata
1141 2238 1183 2266 se
1209 2239 1393 2268 servasse
1424 2221 1613 2278 dixisset,
1645 2233 1687 2268 et

309 2287 670 2351 quaesiissetquid
711 2288 858 2335 adhue
890 2290 971 2335 sibi
1000 2290 1177 2347 deesset,
1208 2310 1458 2355 responsum
1482 2294 1684 2356 accepit:

307 2357 391 2402 «Si
410 2358 471 2402 vis
490 2358 706 2420 perfectus
724 2376 828 2415 esse,
859 2360 984 2415 vade,
1013 2362 1149 2407 vende
1175 2363 1319 2408 omnia
1347 2379 1446 2425 quae
1465 2362 1626 2419 habes,
1647 2373 1689 2409 et

313 2448 332 2468 ›>
362 2426 417 2472 da
439 2428 706 2490 pauperibus
725 2429 758 2476 5.
786 2451 804 2471 ›2
823 2431 877 2476 Et
895 2448 946 2476 ne
967 2448 1008 2476 se
1034 2432 1104 2477 illa
1126 2470 1136 2488 ‚
1161 2450 1261 2497 quae
1282 2434 1468 2479 multum
1494 2433 1686 2489 amabat,

365 2526 483 2557 ¹1³„on
520 2538 572 2566 m,
592 2529 644 2561 15.
665 2548 704 2553 —
722 2528 736 2551 ²
757 2533 1050 2574 Rom.xx,17,—
1071 2530 1085 2554 3
1101 2533 1218 2570 Manli,
1236 2544 1303 2571 xix,
1322 2544 1378 2566 21.
1396 2551 1437 2556 -
1456 2529 1567 2566 ⁴1bid.
1590 2534 1690 2566 16.—

314 2580 327 2603 5
347 2584 450 2614 Marc.
471 2592 502 2620 x,
527 2594 584 2616 21,
