1799 3251
324 331 416 388 452
743 347 778 376 s.
822 345 1065 377 Aucusrnw
1101 346 1307 377 EPISCOP1

321 427 422 474 quae
445 409 489 455 in
511 409 594 455 illis
614 409 744 456 modo
765 410 988 467 timentur,
1013 422 1168 457 mortes
1186 411 1450 457 voluntarias
1468 412 1700 460 festinare?

325 497 379 526 an
400 480 545 542 potius
566 489 789 525 conservat
806 497 914 543 quos
933 491 1101 543 potest,
1128 481 1203 526 etsi
1224 492 1378 543 sponte
1395 492 1573 544 pereant
1592 499 1701 545 quos

324 566 576 595 conservare
598 567 682 594 non
708 554 879 613 potest?
915 561 963 596 ut
986 551 1098 596 enim
1125 567 1272 596 omnes
1297 552 1471 607 vivant,
1503 551 1702 597 ardenter

325 630 499 683 exoptat
527 637 537 664 x
570 619 641 665 sed
677 637 823 666 omnes
851 638 902 666 ne
940 632 1145 684 pereant,
1183 620 1282 684 plus
1313 620 1499 668 laborat.
1532 622 1702 668 Gratias

325 701 467 736 autem
502 690 690 735 Domino
709 728 719 745 ‚
747 691 863 754 quod
891 702 931 736 et
954 692 1071 755 apud
1092 709 1193 748 nos,
1222 709 1310 736 non
1331 691 1508 754 quidem
1532 693 1575 738 in
1599 709 1700 737 om-

324 761 474 818 nibus,
510 761 581 806 scd
616 761 737 807 valde
761 763 806 807 in
838 762 1041 825 pluribus
1074 763 1206 817 locis,
1234 772 1274 808 et
1297 779 1376 825 per
1413 762 1515 808 alias
1539 763 1702 808 Africae

324 843 492 895 partes,
521 832 609 877 sine
631 832 729 877 ullis
758 833 935 878 istorum
970 833 1219 878 insanorum
1245 833 1486 890 mortibus,
1520 851 1601 896 pax
1625 850 1703 879 ca·-

321 902 486 947 tholica
521 903 740 958 cucurrit,
768 914 810 948 et
848 903 998 949 currit.
1031 902 1098 947 lbi
1127 916 1268 948 autem
1293 902 1365 947 illa
1388 902 1558 947 funesta
1591 919 1700 947 con-

325 970 497 1032 tingunt
519 1008 526 1025 ,
552 972 627 1017 ubi
649 983 710 1018 est
734 983 820 1018 tam
845 973 1056 1019 furiosum
1075 973 1282 1018 etinutile
1297 972 1525 1018 hominum
1547 989 1699 1033 genus,

320 1042 395 1105 qui
422 1054 461 1086 et
485 1042 578 1087 aliis
603 1044 874 1106 temporibus
898 1043 1048 1088 eadem
1068 1043 1207 1089 facere
1225 1054 1558 1090 consueverunt.

389 1112 482 1158 XV.
516 1114 569 1157 Et
589 1113 710 1175 prius
727 1113 903 1175 quidem
926 1131 1056 1176 quam
1081 1114 1174 1159 istae
1198 1113 1308 1172 leges
1329 1131 1349 1158 a
1368 1113 1596 1159 catholicis
1618 1114 1703 1158 Im-

326 1182 602 1245 peratoribus
621 1184 911 1238 mitterentur,
928 1183 1048 1246 pacis
1066 1194 1192 1246 atque
1213 1183 1387 1228 unitatis
1411 1183 1574 1228 Christi
1594 1200 1703 1246 pau-

326 1252 450 1297 latim
478 1252 677 1299 doctrina
697 1254 947 1309 crescebat,
970 1254 1073 1298 etin
1099 1270 1191 1298 cam
1219 1253 1400 1317 quisque
1425 1254 1536 1299 sicut
1559 1253 1704 1298 disce-

327 1324 429 1377 bat,
459 1334 499 1368 et
520 1323 715 1381 volebat,
735 1335 776 1370 et
793 1335 987 1388 poterat,
1012 1341 1058 1369 ex
1080 1324 1173 1387 ipsa
1199 1334 1323 1386 parte
1348 1324 1580 1379 transibat3
1604 1340 1703 1368 cum

329 1404 469 1438 tamen
489 1393 606 1456 apud
622 1394 715 1440 illos
733 1395 1005 1457 perditorum
1027 1394 1258 1440 hominum
1277 1394 1587 1440 dementissimi
1607 1411 1705 1453 gre-

325 1482 394 1523 ges
420 1465 463 1509 in
488 1464 666 1510 diversis
693 1466 832 1511 causis
857 1467 1042 1529 quietem
1062 1465 1699 1528 innocentiumperturbarent.

331 1534 441 1589 Quis
464 1551 548 1578 non
569 1534 772 1580 dominus
790 1553 959 1581 servum
976 1552 1100 1580 suum
1123 1535 1272 1580 timere
1288 1535 1540 1598 compulsus
1557 1545 1649 1591 est,
1672 1534 1709 1579 si

333 1604 387 1650 ad
411 1604 583 1649 illorum
605 1606 895 1667 patrocinium
914 1605 1207 1665 confugisset?
1228 1606 1336 1662 Quis
1352 1606 1536 1651 eversori
1552 1604 1709 1651 minari

333 1673 478 1719 saltem
503 1674 719 1721 audebat?
744 1677 851 1732 Quis
877 1686 1229 1738 consumptorem
1248 1675 1560 1739 apothecarum
1577 1711 1588 1730 ,
1613 1674 1709 1737 quis

334 1745 575 1807 quemlibet
617 1757 786 1808 poterat
823 1747 985 1806 exigere
1024 1746 1292 1801 debitorem,
1322 1745 1528 1791 auxilium
1559 1762 1708 1791 eorum

335 1814 714 1879 defensionemque
736 1828 981 1879 poscentem
1001 1820 1018 1862 ἶ)
1045 1817 1219 1861 Timore
1239 1816 1415 1861 fustium
1434 1826 1474 1861 et
1488 1815 1710 1861 incendio-

335 1900 429 1928 rum
472 1886 706 1948 mortisque
743 1887 967 1949 praesentis
990 1924 999 1934 .
1040 1888 1323 1948 pessimorum
1363 1902 1581 1931 servorum
1609 1923 1619 1941 ‚
1662 1896 1711 1930 ut

338 1954 461 2000 liberi
493 1956 800 2011 abscederent,
830 1958 991 2002 mbulae
1022 1958 1346 2016 frangebantur.
1380 1958 1555 2001 Extorta
1586 1955 1710 2001 debi-

340 2025 509 2069 toribus
532 2024 825 2089 chirographa
854 2027 1162 2073 reddebantur.
1188 2027 1466 2089 Quicumque
1490 2025 1598 2070 dura
1616 2025 1711 2071 illo-

340 2111 434 2139 rum
462 2095 593 2140 verba
615 2107 991 2159 contempserant,
1019 2096 1269 2141 durioribus
1288 2096 1540 2141 verberibus
1556 2133 1566 2151 ,
1592 2093 1713 2158 quod

334 2165 580 2223 aneba11t,
603 2165 742 2211 facere
776 2167 1060 2226 cogebantur.
1093 2167 1395 2211 Innocentium
1417 2215 1424 2222 ,
1455 2167 1528 2228 qni
1549 2182 1619 2211 eos
1643 2163 1712 2210 of-

340 2235 595 2291 fendtrant,
635 2236 812 2293 domus,
855 2249 931 2282 aut
965 2237 1300 2300 deponebantur
1336 2237 1388 2282 ad
1430 2237 1567 2282 solum
1594 2273 1604 2290 ‚
1639 2246 1713 2281 aut

341 2305 514 2363 ignibus
529 2307 848 2353 cremabantur.
869 2307 1058 2363 Quidam
1074 2307 1402 2370 patresfamilias
1419 2308 1601 2352 honesto
1615 2306 1713 2351 loco

341 2375 429 2418 nati
447 2412 457 2429 ,
480 2386 519 2419 et
542 2393 743 2434 generoso
763 2377 883 2422 cultu
906 2376 1078 2422 educati
1094 2414 1104 2430 ,
1129 2377 1195 2422 vix
1214 2379 1304 2423 vivi
1326 2388 1422 2440 post
1446 2393 1595 2422 eorum
1622 2392 1714 2421 cae-

339 2443 412 2488 des
436 2444 568 2489 ablati
598 2457 721 2501 sunt,
754 2447 822 2492 vel
847 2447 983 2493 vincti
1011 2446 1064 2491 ad
1094 2446 1256 2492 molam
1274 2485 1284 2501 ,
1311 2458 1351 2492 et
1374 2465 1466 2492 eam
1490 2447 1534 2492 in
1557 2462 1714 2508 gyrum

338 2513 495 2559 ducere
512 2551 522 2567 ,
549 2520 965 2578 tanquamjnmenta
980 2517 1328 2579 contemptibilia
1342 2555 1352 2569 ,
1376 2517 1554 2562 verbere
1569 2514 1714 2561 adacti

336 2595 448 2631 sunt.
477 2585 608 2643 Quod
626 2587 739 2631 enim
764 2586 817 2632 de
841 2586 1007 2646 legibus
1028 2586 1232 2632 auxilium
1249 2624 1260 2643 ,
1293 2605 1313 2632 a
1335 2586 1538 2632 civilibus
1562 2595 1707 2649 potes-

334 2655 497 2700 tatibus
534 2654 735 2703 adversus
769 2673 838 2703 eos
874 2656 1040 2720 aliquid
1076 2655 1239 2703 valuit?
1269 2657 1376 2714 Quis
1414 2657 1455 2702 in
1482 2654 1711 2719 praesentia
