1799 3251
361 304 441 350 170
770 303 804 330 S.
850 301 1092 331 AcGus'le
1128 301 1332 331 EPISCOPI

351 367 580 413 obscurius
605 365 851 429 estquidem
871 401 881 420 ,
910 365 981 410 sed
1000 366 1189 412 electiori
1208 365 1430 411 sententiae
1452 365 1626 411 videtur
1644 383 1720 428 ap-

351 437 435 482 tius
469 436 710 482 convenire.
749 436 864 491 Quia
898 435 1011 480 enim
1036 435 1226 489 dixerat,
1257 457 1277 477 «
1298 435 1424 481 Etde
1450 435 1717 482 absconditis

350 528 369 547 >1
392 507 473 552 tuis
496 506 759 569 adimpletus
777 515 838 550 est
864 516 1011 550 venter
1031 522 1179 551 eorum
1197 543 1207 560 ‚
1229 527 1248 546 υ
1277 505 1440 568 quibus
1471 505 1614 551 verbis
1637 521 1716 550 oc-

347 577 462 622 culta
495 576 573 621 Dei
592 576 756 636 judicia
788 576 1024 635 significata
1049 587 1149 621 sunt
1184 594 1192 620 :
1232 574 1400 620 occulte
1424 576 1591 638 quippe
1616 586 1716 621 sunt

349 646 514 701 miseri,
548 647 675 691 etiam
699 646 773 709 qui
799 645 986 706 gaudent
1011 646 1056 691 in
1080 646 1229 701 malis‚
1257 661 1366 708 quos
1390 644 1571 690 tradidit
1600 646 1717 691 Deus

344 716 388 761 in
413 716 787 780 concupiscentias
806 716 947 761 cordis
970 732 1145 761 eorum:
1174 714 1292 761 velut
1316 725 1583 778 quaereretur
1601 714 1716 761 unde

343 787 507 850 possint
543 787 768 847 cognosci,
804 787 878 849 qui
915 787 958 831 in
994 786 1251 832 abscondito
1290 787 1355 831 ira
1380 786 1459 832 Dei
1491 785 1716 848 adimpleti

343 867 468 913 sunt,
503 868 544 902 et
569 856 900 920 responderetur
931 855 1051 919 quod
1077 856 1123 901 in
1147 855 1382 915 Evangelio
1419 855 1589 901 dictum
1615 865 1678 900 est
1698 891 1710 909 ‚

345 949 367 970 «
388 928 453 973 Ex
482 927 699 973 fructibus
720 943 869 972 eorum
894 927 1158 986 cognoscetis
1180 925 1280 972 eos1
1299 946 1310 980 ;
1330 947 1349 968 »
1372 926 1578 972 continuo
1603 925 1713 971 sub-

336 1001 541 1057 Junctum
565 1008 651 1053 est,
674 1005 695 1038 α’
713 997 904 1042 Saturati
929 1008 1029 1043 sunt
1057 996 1158 1042 filiis
1175 1033 1186 1052 ‚
1221 1019 1242 1038 »
1262 997 1349 1043 hoc
1371 1007 1450 1053 est,
1472 995 1710 1052 fructibus,

339 1067 458 1130 quod
482 1067 724 1113 evidentius
747 1066 934 1121 dicitur,
963 1067 1169 1130 operibus
1201 1067 1300 1113 suis.
1324 1066 1456 1112 Unde
1473 1065 1578 1112 alibi
1601 1065 1711 1126 legi-

337 1146 409 1182 tur
426 1174 436 1191 ‚
466 1159 484 1177 α
502 1137 614 1183 Ecce
635 1137 869 1200 parturivit
891 1137 1169 1196 injustitiam,
1194 1137 1397 1199 concepit
1420 1135 1612 1181 dolorem
1629 1171 1642 1191 ,
1669 1145 1712 1181 et

338 1228 359 1247 ι)
375 1208 546 1270 peperit
578 1207 881 1271 iniquitatem2
906 1225 915 1252 z
941 1229 960 1247 >2
1000 1218 1041 1251 et
1076 1206 1204 1264 alibi,
1243 1229 1261 1246 «
1285 1205 1453 1251 Deinde
1479 1204 1712 1268 concupis·

338 1278 511 1322 »centia
537 1295 637 1323 cum
668 1277 945 1341 conceperit,
978 1278 1095 1340 parit
1119 1288 1348 1340 peccatum
1368 1275 1402 1322 3.
1426 1297 1448 1318 n
1484 1275 1588 1321 Mali
1609 1292 1710 1335 ergo

340 1346 438 1403 filii,
464 1347 577 1393 mala
602 1365 733 1410 opera
754 1385 763 1402 ‚
801 1348 965 1410 quibus
993 1357 1344 1407 cognoscuntur,
1383 1357 1425 1391 et
1454 1346 1530 1409 qui
1553 1345 1606 1391 de
1633 1345 1710 1391 ab—

336 1417 544 1463 sconditis
568 1419 645 1464 Dei
662 1417 841 1479 judiciis
864 1418 1043 1463 internis
1074 1417 1388 1477 cogitationum
1413 1433 1587 1462 suarum
1613 1426 1708 1460 tan-

338 1503 470 1549 quam
490 1488 533 1533 in
553 1499 744 1534 ventrem
775 1488 1001 1551 adimpleti
1026 1498 1140 1534 sunt.
1168 1489 1291 1532 Bona
1313 1504 1462 1550 opera,
1491 1486 1599 1531 boni
1626 1484 1706 1531 fflii

333 1568 446 1604 sunt.
478 1558 601 1603 Unde
624 1557 678 1604 ad
708 1575 908 1621 sponsam
932 1558 1172 1604 Ecclesiam
1191 1557 1353 1604 dicitur
1371 1594 1381 1611 ‚
1409 1577 1429 1597 α
1451 1557 1610 1601 Dentes
1642 1554 1706 1600 tui

333 1648 355 1667 »
377 1627 488 1673 sicut
511 1645 608 1688 grex
632 1629 909 1674 detonsarum
935 1627 1165 1673 ascendens
1182 1627 1235 1673 de
1259 1627 1460 1681 lavacro,
1488 1641 1589 1688 quae
1608 1641 1702 1670 om-

332 1719 354 1737 »
374 1714 446 1742 nes
463 1699 654 1757 geminos
678 1709 840 1752 creant,
865 1709 906 1742 et
925 1697 1077 1742 sterilis
1099 1714 1187 1742 non
1207 1708 1268 1742 est
1289 1698 1334 1742 in
1357 1696 1441 1742 illis
1457 1695 1521 1742 4.»
1541 1696 1594 1740 In
1611 1710 1702 1757 quo

330 1767 504 1827 gemino
520 1768 632 1814 foetu
655 1769 874 1828 geminum
899 1784 1008 1831 opus
1043 1767 1289 1813 dilectionis
1308 1767 1553 1826 agnoscitur
1570 1803 1582 1821 ‚
1606 1765 1705 1809 Do·-

330 1837 437 1882 mini
456 1838 535 1883 Dei
549 1839 711 1884 scilicet
727 1850 767 1883 et
786 1838 981 1901 proximi.
1007 1860 1026 1879 α
1039 1839 1090 1883 In
1105 1838 1266 1901 quihus
1280 1837 1305 1882 d
1313 1837 1454 1882 uobus
1471 1834 1704 1899 praeceptis

327 1927 348 1947 »
373 1917 459 1952 tota
479 1910 565 1953 Lex
589 1908 749 1971 pendet
768 1919 809 1953 et
830 1909 1068 1971 Prophetae
1083 1908 1120 1954 5,
1142 1930 1160 1948 1>

393 1976 444 2022 V.
474 1978 558 2022 Iste
582 1988 723 2022 autern
757 1994 901 2022 sensus
921 2014 931 2033 9
960 1994 1052 2040 quo
1070 1978 1129 2023 ita
1149 1977 1381 2040 exponitur
1404 1975 1524 2039 quod
1555 1975 1698 2037 scrip-

331 2058 422 2092 tum
446 2058 535 2101 est,
569 2069 588 2089 c<
611 2048 801 2093 saturati
834 2058 933 2093 sunt
952 2048 1073 2102 filiis,
1097 2070 1117 2089 »
1154 2065 1241 2093 non
1272 2047 1382 2093 mihi
1416 2055 1697 2098 occurrerat,

328 2133 428 2162 cum
455 2127 550 2162 ante
572 2119 875 2170 rescriber‘en13
903 2118 975 2163 sed
1007 2118 1201 2163 recensui
1225 2117 1525 2162 brevissimam
1541 2131 1701 2178 quam·-

325 2186 424 2231 dam
450 2187 641 2246 ejusdem
665 2188 821 2233 Psalmi
847 2188 1153 2250 expositionem
1178 2225 1188 2243 ,
1213 2204 1344 2250 quam
1358 2190 1452 2246 jam
1475 2185 1578 2231 olim
1599 2184 1699 2229 dic-

326 2267 515 2303 taveram
531 2295 541 2314 ‚
568 2270 610 2304 et
632 2259 716 2304 hoe
737 2259 837 2304 satis
866 2259 1053 2304 breviter
1082 2276 1103 2304 a
1130 2275 1197 2304 me
1227 2258 1420 2321 positum
1445 2255 1600 2319 reperi.
1626 2256 1697 2300 In-

323 2329 444 2390 spexi
463 2329 590 2375 etiam
619 2329 790 2375 codices
816 2346 1007 2389 graecos,
1035 2340 1178 2374 utrum
1206 2328 1380 2374 dativus
1408 2343 1532 2373 casus
1559 2335 1664 2371 esset
1683 2361 1693 2376 ‚

324 2399 443 2462 quod
464 2399 631 2446 dietum
656 2413 716 2446 est
735 2437 743 2450 ,
772 2424 788 2440 r<
816 2401 956 2447 filiis:
979 2423 999 2442 »
1024 2418 1076 2446 an
1096 2400 1334 2460 genitivu&
1357 2415 1445 2463 quo
1465 2396 1697 2455 illalingua

323 2469 460 2515 utitur
494 2487 575 2532 pro
607 2471 827 2517 amatim.
866 2482 906 2516 et
936 2471 1076 2516 inveni
1111 2470 1348 2530 genitivum
1378 2487 1390 2513 :
1424 2466 1544 2531 quod
1568 2468 1602 2511 si
1638 2464 1693 2510 ad

371 2570 376 2590 ¹
402 2571 518 2601 Manli.
537 2581 593 2605 xii,
619 2572 667 2601 ι’ἶ.
757 2570 769 2589 ’-“
793 2571 867 2600 t‘al.
897 2581 951 2599 xii.
977 2571 1011 2599 15
1046 2589 1080 2593 -*
1108 2567 1248 2600 3³1³‹V-ob.
1276 2581 1300 2601 i.
1325 2571 1372 2599 τῖ’»,
1395 2586 1434 2590 -—-
1454 2565 1468 2588 4
1485 2570 1575 2597 Cant.
1598 2577 1641 2599 μ’,
1659 2565 1709 2597 as

322 2645 365 2648 —-
385 2624 515 2657 5Massh
547 2637 623 2656 xxii.
652 2632 699 2659 gn.
