1799 3251
540 305 754 338 Erusrora
789 305 883 336 ext.
1347 285 1407 349 75

43 372 161 420 ditur
187 371 232 419 in
253 371 460 419 cordibus
477 371 648 427 nostri5‚
665 388 751 417 non
773 388 851 434 per
871 387 947 416 nos
969 369 1100 433 ipsos,
1122 367 1192 415 sed
1207 385 1286 432 per
1309 366 1415 431 Spi-

43 445 174 490 ritum
193 454 389 489 sanctum
415 443 491 505 qui
514 442 640 488 datus
675 452 736 487 est
758 441 885 487 nobis
906 440 939 488 1.
978 440 1156 486 Necesse
1192 449 1253 485 est
1275 448 1416 484 autem

45 526 94 560 ut
116 531 274 577 parum
299 513 449 573 diligat
491 515 648 569 Deum,
685 512 759 576 qui
786 529 875 557 non
900 512 953 557 ab
976 510 1069 567 illo,
1097 510 1170 556 sed
1209 528 1231 556 a
1256 526 1297 555 se
1322 508 1415 571 ipso

44 585 211 630 bonurn
232 601 273 630 se
295 584 532 629 arbitratur
547 584 746 628 effectum
771 599 780 626 :
809 581 924 626 unde
941 592 1083 627 autem
1099 581 1346 643 fieripotest
1368 588 1416 623 ut

49 655 143 719 talis
166 671 252 699 non
275 654 320 699 in
337 672 378 699 se
402 654 512 717 ipSQ
528 654 600 699 sed
624 654 669 698 in
689 653 877 698 Domino
899 651 1104 711 glorietur
1119 652 1171 697 2?
1193 652 1281 707 Qui
1300 649 1413 694 enim

45 724 253 787 gloriatur
297 724 418 788 quod
459 725 512 770 sit
532 725 700 779 bonus,
738 723 784 768 in
811 721 884 768 illo
910 722 1039 768 debet
1065 721 1257 782 gloriari,
1286 738 1307 765 a
1330 735 1416 782 quo

45 795 185 842 factus
204 805 265 841 est
304 795 444 840 bonus
464 815 475 848 3
517 812 565 840 ac
588 812 663 858 per
693 793 781 839 hoc
808 792 884 856 qui
908 810 949 838 se
966 810 987 837 a
1005 791 1233 855 semetipso
1254 790 1420 836 factum

43 866 210 913 bonum
242 865 494 921 arbitratur,
523 881 786 928 consequens
812 874 873 909 est
890 901 901 920 ‚
937 874 985 909 ut
1011 863 1057 908 in
1080 881 1122 909 se
1145 864 1240 926 ipso
1267 878 1352 906 non
1378 859 1422 904 in

45 937 236 983 Domino
274 935 493 996 glorietur.
532 936 688 981 Omnis
724 945 864 980 autem
909 934 1090 980 intentio
1126 933 1276 994 gratiae
1309 930 1421 976 Novi

45 1006 408 1069 Testamentiqua
422 1022 590 1051 sursum
611 1022 687 1050 cor
699 1004 929 1060 habemus,
954 1003 1084 1067 (quia
1104 1019 1230 1048 omne
1254 1000 1423 1055 datum,

47 1077 262 1141 optimum
278 1113 288 1132 ‚
325 1087 364 1122 et
387 1094 515 1122 omne
546 1076 710 1121 donum
728 1074 970 1138 perfectum
996 1074 1049 1120 de
1086 1090 1255 1119 sursum
1280 1081 1341 1117 est
1361 1069 1423 1132 5),

48 1148 93 1194 id
113 1148 201 1208 agit
227 1164 278 1193 ne
299 1148 428 1193 simus
450 1147 608 1207 ingrati
633 1163 643 1191 ι
667 1157 795 1209 atque
819 1145 863 1190 in
886 1145 979 1208 ipsa
1005 1144 1239 1204 gratiarum
1258 1141 1425 1188 actione

50 1218 163 1264 nihil
184 1217 303 1263 aliud
322 1219 479 1278 agitur,
500 1218 581 1263 nisi
603 1228 651 1262 ut
672 1217 749 1280 qui
768 1216 977 1276 gloriatur
996 1216 1042 1260 in
1063 1214 1251 1259 Domino
1269 1211 1426 1272 glorie-

52 1298 138 1345 tur.
169 1289 313 1334 Habes
332 1288 514 1344 librum,
537 1288 615 1333 etsi
641 1286 874 1350 prolixum,
909 1296 1052 1331 tamen
1081 1294 1294 1348 quantum
1318 1281 1427 1327 exis-

53 1359 160 1404 timo
178 1375 265 1404 non
281 1358 566 1421 superfluum.
599 1357 683 1403 Sed
707 1374 803 1402 ama
820 1356 948 1401 etiam
973 1353 1278 1401 ecclesiasticas
1295 1351 1431 1411 legere

54 1430 233 1485 litteras,
261 1440 301 1474 et
319 1446 407 1474 non
431 1429 569 1475 multa
597 1428 802 1482 invenies,
831 1443 932 1490 quae
955 1427 1147 1489 requiras
1179 1441 1226 1469 ex
1250 1418 1336 1477 me,
1357 1416 1430 1468 {eqd

56 1499 236 1561 legendo
266 1510 308 1546 et
331 1498 594 1552 ruminando
611 1536 621 1555 ,
649 1498 683 1544 si
701 1498 828 1543 etiam
848 1513 958 1560 pure
985 1495 1224 1541 Dominum
1251 1493 1432 1552 largito-

62 1572 273 1617 rembono
284 1588 381 1617 rum
400 1570 597 1617 omnium
613 1569 874 1631 depreceris,
893 1567 1038 1613 omnia
1059 1583 1160 1630 quae
1185 1564 1431 1625 cognitione

59 1641 189 1702 digna
226 1652 344 1693 sunt,
386 1652 459 1687 aut
485 1651 597 1686 certe
627 1640 845 1704 plurima,
873 1639 968 1702 ipso
1004 1637 1135 1696 magis
1173 1636 1432 1698 inspirante,

61 1729 193 1776 quam
210 1712 439 1758 hominum
456 1711 599 1775 aliquo
612 1720 913 1757 commonente
924 1707 1153 1772 perdisces.
1170 1706 1434 1768 Quanquam

63 1801 112 1839 eo
134 1783 249 1847 ipso,
271 1800 357 1846 quo
393 1782 628 1828 forinsecus
665 1782 774 1827 bene
808 1780 1112 1826 admonentem
1152 1775 1324 1837 J'udicio
1347 1791 1434 1820 non

67 1863 234 1900 errante
253 1853 566 1917 approbamus,
595 1851 703 1916 quid
727 1849 847 1896 aliud
866 1867 999 1914 quam
1022 1849 1241 1894 internum
1260 1846 1429 1900 lumen,

67 1924 319 1985 magistrum
336 1941 413 1970 nos
433 1924 595 1970 habere
614 1933 838 1969 testamur.

89 2045 95 2049 -
117 2023 127 2046 ¹
148 2027 242 2057 Rom.
260 2035 292 2068 ν,
311 2027 345 2057 5.
361 2023 435 2048 -2
455 2033 466 2053 ι
488 2025 564 2058 Cor.
585 2033 612 2064 ι,
628 2026 679 2057 31.
699 2020 900 2056 —3Jacob.
919 2033 946 2065 1,
966 2031 1015 2061 ις.
