1799 3251
538 328 751 359 EPISTOLA
786 330 949 361 cxcvii.
1356 319 1438 386 147

143 391 344 439 XLVIII.
376 392 442 438 Ad
457 410 551 438 eam
565 410 666 440 vero
683 394 887 441 visionem
904 433 913 452 ,
937 414 1022 475 qua
1039 390 1282 446 videbimus
1302 402 1439 448 Deum

77 462 202 508 sicuti
219 474 311 520 est,
335 463 590 509 mundanda
607 464 740 510 corda
765 468 1047 514 commonuit.
1079 469 1192 525 Quia
1212 471 1324 516 enim
1340 485 1442 518 cor-

77 551 184 597 pora
207 535 516 581 consuetudine
532 536 739 600 loquendi
763 537 951 583 visibilia
974 540 1271 599 nominantur,
1299 561 1441 607 prop-

76 615 188 651 terea
221 606 333 651 Deus
357 606 582 652 invisibilis
618 606 796 663 dicitur,
833 623 885 652 ne
906 625 1065 672 corpus
1088 627 1172 656 esse
1206 612 1437 659 credatur·
1427 634 1438 667 ;

77 692 165 721 non
198 677 302 740 quia
328 677 460 722 corda
494 677 657 723 munda
682 695 770 724 suae
795 679 1048 725 substantiae
1075 683 1443 745 contemplatione

76 744 324 804 fraudabit3
344 763 445 792 cum
462 748 561 794 haec
590 750 746 808 magna
764 759 806 793 et
832 765 999 795 summa
1020 767 1180 796 merces
1204 753 1342 798 Deum
1367 766 1446 799 co-

77 817 265 864 lentibus
278 829 319 864 et
330 819 611 879 diligentibus
624 820 926 883 promittatur,
946 820 1140 867 dicente
1129 839 1224 885 ipso
1240 825 1445 880 Domino,

76 889 253 953 quando
277 890 578 953 corporalibus
599 890 735 936 oculis
759 890 988 936 visibiliter
1012 892 1284 955 apparebat,
1312 905 1353 940 et
1377 896 1446 941 in-

77 960 289 1006 visibilem
310 978 351 1006 se
375 961 668 1007 contuendum
693 961 869 1007 mundis
897 961 1105 1008 cordibus
1126 965 1411 1027 promittebat
1435 985 1445 1012 :

77 1051 99 1072 «
124 1031 213 1088 Qui
237 1030 378 1091 diligit
397 1032 467 1077 'me
484 1069 495 1087 ,
527 1031 729 1092 diligetur
765 1050 787 1077 a
815 1034 942 1078 Patre
969 1049 1066 1078 meo
1086 1053 1096 1086 ς
1119 1044 1159 1079 et
1177 1051 1253 1094 ego
1272 1035 1448 1096 diligam

79 1122 99 1144 >³
119 1106 243 1159 eum,
265 1113 307 1148 et
338 1102 562 1151 ostendam
586 1120 654 1148 me
676 1103 820 1166 ipsum
859 1103 967 1150 illiss.
992 1124 1012 1144 »
1047 1104 1156 1151 Haec
1178 1106 1343 1170 quippe
1372 1121 1448 1153 na-

79 1183 174 1219 tura
194 1176 283 1233 ejus
304 1174 531 1236 aequaliter
554 1190 655 1220 cum
680 1178 806 1219 Patre
827 1173 1082 1231 invisibilis,
1100 1176 1212 1221 sicut
1227 1178 1453 1241 aequalite'rv

77 1245 424 1308 incorruptibilis
444 1255 506 1290 cst
527 1262 536 1289 :
565 1261 665 1308 quae
685 1282 694 1301 ,
723 1244 836 1289 sicut
853 1261 983 1307 supra
1013 1244 1289 1303 dictumest,
1310 1249 1452 1294 conti-

78 1316 245 1361 nuatim
283 1315 515 1378 Apostolus
555 1316 726 1378 posuit,
768 1315 962 1360 divinam
1004 1316 1297 1371 substantiam
1316 1354 1326 1374 ,
1365 1333 1453 1381 qua

77 1386 221 1450 potuit
259 1385 514 1431 hominibus
550 1385 894 1464 praedicatione,
922 1385 1275 1434 commendans2.
1308 1388 1452 1444 Quam

78 1458 111 1503 si
142 1456 260 1502 oculi
298 1456 543 1519 corporales
581 1457 626 1502 in
666 1455 976 1501 resurrectione
1013 1466 1179 1502 mutata
1214 1474 1451 1522 corporum

78 1527 285 1592 qualitxte
304 1528 597 1590 conspicient,
617 1526 806 1573 viderint
821 1526 898 1589 qui
918 1526 1002 1572 hoc
1024 1538 1207 1590 possunt
1231 1540 1449 1576 astruere.

77 1615 147 1644 mc
161 1597 266 1662 plus
286 1609 428 1644 movet
443 1597 559 1644 illius
577 1598 815 1653 sententia,
847 1597 923 1659 qui
947 1614 1027 1643 nec
1053 1598 1097 1642 in
1123 1598 1216 1661 ipsa
1237 1615 1451 1648 resurrec-

79 1669 196 1724 tione
220 1669 306 1715 hoc
331 1670 636 1733 corporalibus
661 1668 826 1724 oculis,
848 1667 921 1713 sed
945 1667 1120 1713 mundis
1141 1669 1350 1718 cordibus
1367 1672 1449 1717 tri-

78 1739 192 1787 buit.

24 1816 26 1819 ’
143 1812 303 1858 XLIX.
353 1812 408 1856 Et
441 1811 495 1856 de
528 1810 734 1874 spiritalis
770 1809 948 1873 quidem
981 1811 1175 1873 corporis
1203 1811 1412 1874 qualitate
1432 1848 1443 1868 ‚

79 1883 196 1947 quod
217 1882 514 1928 resurrecturis
527 1881 812 1944 promittitur,
835 1879 901 1925 vel
916 1879 1079 1926 discere
1095 1881 1259 1945 aliquid
1280 1881 1444 1939 adhuc,

80 1954 144 1999 vol
165 1969 356 2016 qnaerere
383 1969 469 1997 non
495 1968 644 1997 recuso
673 1969 682 1995 :
708 1951 742 1996 si
767 1961 910 1995 tamen
935 1949 988 1994 de
1011 1950 1095 1996 hac
1112 1968 1157 1997 re
1177 1951 1447 2015 disputant-es

79 2022 163 2069 illis
180 2023 294 2068 vitiis
328 2040 471 2068 carere
496 2022 737 2085 possimus,
774 2036 873 2083 quae
898 2019 1170 2084 plerumque
1187 2022 1340 2068 studiis
1362 2023 1446 2069 hu-

80 2096 218 2138 manis
236 2104 276 2138 et
311 2092 707 2138 concertationibus
726 2090 981 2148 excitantur,
1017 2091 1123 2137 dum
1153 2109 1285 2157 supra
1313 2109 1446 2157 quam

80 2163 290 2227 scriptum
322 2173 383 2208 cst
407 2179 518 2208 unus
537 2180 618 2226 pro
646 2161 777 2207 altero
809 2161 986 2207 infletur
1003 2162 1205 2209 adversus
1225 2163 1407 2210 alterum
1432 2182 1443 2209 ε

81 2251 133 2279 ne
151 2234 255 2279 dum
270 2233 518 2279 altercando
531 2233 768 2297 quaerimus
786 2232 1039 2291 investigare
1053 2269 1064 2287 ‚
1077 2233 1299 2296 quomodo
1314 2235 1448 2298 possi-t

83 2304 214 2350 videri
240 2306 365 2358 istus,
383 2304 521 2367 ipsam
540 2321 691 2367 pacem
709 2303 1182 2366 sanctificationemque
1195 2304 1445 2367 perdamuS‚

82 2375 170 2420 sine
187 2392 272 2439 qua
291 2392 418 2420 nemo
440 2378 601 2438 poterit
623 2374 766 2420 videre
787 2375 925 2419 Deum
951 2391 961 2418 ι
989 2373 1109 2437 quod
1130 2375 1222 2437 ipse
1240 2386 1403 2422 avertat
1425 2379 1448 2422 ‘a

82 2445 289 2491 cordibus
315 2446 491 2501 nostris,
521 2456 568 2490 ut
593 2463 639 2490 ea
664 2461 752 2490 suae
776 2443 1136 2507 contemplationi
1162 2445 1325 2492 munda
1348 2446 1452 2492 red-

83 2515 156 2561 dat
174 2527 302 2579 atque
318 2516 547 2563 custodiat.
580 2515 695 2561 Illud
728 2526 871 2560 tamen
898 2515 999 2577 quia
1023 2531 1110 2560 non
1138 2515 1320 2573 dubito,
1359 2534 1447 2562 non

82 2587 280 2650 require,
313 2586 432 2650 quod
469 2587 549 2633 Dei
583 2597 741 2632 natura·
772 2600 1002 2648 nunquam
1037 2585 1241 2633 videatur
1266 2587 1315 2634 in
1335 2586 1446 2634 loeo.

145 2673 258 2705 ¹J03n.
275 2681 341 2711 xiv,
359 2677 416 2706 21.
435 2675 476 2697 -ss-
493 2669 509 2694 2
530 2681 542 2701 1
560 2670 646 2705 Tim,
668 2679 700 2711 ι,
725 2678 778 2709 17.

1256 2739 1325 2769 10.
