<?xml version="1.0" encoding="UTF-8"?>
<!DOCTYPE html PUBLIC "-//W3C//DTD XHTML 1.0 Transitional//EN"
    "http://www.w3.org/TR/xhtml1/DTD/xhtml1-transitional.dtd">
<html xmlns="http://www.w3.org/1999/xhtml" xml:lang="en" lang="en">
 <head>
  <title>
</title>
<meta http-equiv="Content-Type" content="text/html;charset=utf-8" />
  <meta name='ocr-system' content='tesseract 3.04.00' />
  <meta name='ocr-capabilities' content='ocr_page ocr_carea ocr_par ocr_line ocrx_word'/>
</head>
<body>
  <div class='ocr_page' id='page_1' title='image "./operaomniaaccura40auguuoft/operaomniaaccura40auguuoft_0082.png"; bbox 0 0 1799 3251; ppageno 0'>
   <div class='ocr_carea' id='block_1_1' title="bbox 340 276 1299 333">
    <p class='ocr_par' dir='ltr' id='par_1_1' title="bbox 340 276 1299 333">
     <span class='ocr_line' id='line_1_1' title="bbox 340 276 1299 333; baseline -0.002 -24"><span class='ocrx_word' id='word_1_1' title='bbox 340 284 396 333; x_wconf 78' lang='lat'>72</span> <span class='ocrx_word' id='word_1_2' title='bbox 745 279 778 309; x_wconf 82' lang='lat' dir='ltr'>S.</span> <span class='ocrx_word' id='word_1_3' title='bbox 822 277 1063 308; x_wconf 74' lang='lat' dir='ltr'>AUGUSTINI</span> <span class='ocrx_word' id='word_1_4' title='bbox 1101 276 1299 308; x_wconf 75' lang='lat' dir='ltr'>EPlscoPI</span> 
     </span>
    </p>
   </div>
   <div class='ocr_carea' id='block_1_2' title="bbox 335 339 1740 2582">
    <p class='ocr_par' dir='ltr' id='par_1_2' title="bbox 335 339 1717 1031">
     <span class='ocr_line' id='line_1_2' title="bbox 338 339 1708 412; baseline -0.006 -17"><span class='ocrx_word' id='word_1_5' title='bbox 338 347 555 412; x_wconf 84' lang='lat' dir='ltr'>cipatione</span> <span class='ocrx_word' id='word_1_6' title='bbox 582 346 629 391; x_wconf 87' lang='lat' dir='ltr'>fit</span> <span class='ocrx_word' id='word_1_7' title='bbox 663 344 805 389; x_wconf 86' lang='lat' dir='ltr'>bonus</span> <span class='ocrx_word' id='word_1_8' title='bbox 830 360 840 387; x_wconf 80' lang='lat' dir='ltr'><strong><em>z</em></strong></span> <span class='ocrx_word' id='word_1_9' title='bbox 867 341 985 405; x_wconf 88' lang='lat' dir='ltr'>quod</span> <span class='ocrx_word' id='word_1_10' title='bbox 1013 341 1057 387; x_wconf 91' lang='lat' dir='ltr'>in</span> <span class='ocrx_word' id='word_1_11' title='bbox 1084 342 1215 401; x_wconf 86' lang='lat' dir='ltr'>hujus</span> <span class='ocrx_word' id='word_1_12' title='bbox 1248 341 1405 387; x_wconf 82' lang='lat' dir='ltr'>Psalmi</span> <span class='ocrx_word' id='word_1_13' title='bbox 1431 339 1708 388; x_wconf 86' lang='lat' dir='ltr'>conclusione</span> 
     </span>
     <span class='ocr_line' id='line_1_3' title="bbox 335 411 1708 482; baseline -0.006 -17"><span class='ocrx_word' id='word_1_14' title='bbox 335 419 525 482; x_wconf 86' lang='lat' dir='ltr'>positum</span> <span class='ocrx_word' id='word_1_15' title='bbox 549 427 609 461; x_wconf 79' lang='lat' dir='ltr'>est</span> <span class='ocrx_word' id='word_1_16' title='bbox 631 433 641 460; x_wconf 76' lang='lat' dir='ltr'>z</span> <span class='ocrx_word' id='word_1_17' title='bbox 667 435 687 455; x_wconf 74' lang='grc' dir='ltr'>α</span> <span class='ocrx_word' id='word_1_18' title='bbox 708 413 1046 459; x_wconf 85' lang='lat' dir='ltr'>Annuntiabunt</span> <span class='ocrx_word' id='word_1_19' title='bbox 1076 412 1290 471; x_wconf 74' lang='lat' dir='ltr'>justitiam</span> <span class='ocrx_word' id='word_1_20' title='bbox 1323 415 1411 471; x_wconf 86' lang='lat' dir='ltr'>ejus</span> <span class='ocrx_word' id='word_1_21' title='bbox 1436 412 1604 475; x_wconf 88' lang='lat' dir='ltr'>populo</span> <span class='ocrx_word' id='word_1_22' title='bbox 1633 411 1708 474; x_wconf 89' lang='lat' dir='ltr'>qui</span> 
     </span>
     <span class='ocr_line' id='line_1_4' title="bbox 336 481 1709 548; baseline -0.004 -16"><span class='ocrx_word' id='word_1_23' title='bbox 336 510 360 532; x_wconf 81' lang='grc'>»</span> <span class='ocrx_word' id='word_1_24' title='bbox 380 497 597 540; x_wconf 80' lang='lat' dir='ltr'>nascetur,</span> <span class='ocrx_word' id='word_1_25' title='bbox 621 501 749 548; x_wconf 85' lang='lat' dir='ltr'>quem</span> <span class='ocrx_word' id='word_1_26' title='bbox 769 482 871 528; x_wconf 82' lang='lat' dir='ltr'>fecit</span> <span class='ocrx_word' id='word_1_27' title='bbox 892 481 1142 527; x_wconf 43' lang='lat' dir='ltr'>Dominus&amp;</span> <span class='ocrx_word' id='word_1_28' title='bbox 1165 503 1182 522; x_wconf 88' lang='lat'>»</span> <span class='ocrx_word' id='word_1_29' title='bbox 1198 481 1304 526; x_wconf 85' lang='lat' dir='ltr'>Inde</span> <span class='ocrx_word' id='word_1_30' title='bbox 1326 492 1387 527; x_wconf 85' lang='lat' dir='ltr'>est</span> <span class='ocrx_word' id='word_1_31' title='bbox 1406 493 1446 527; x_wconf 86' lang='lat' dir='ltr'>et</span> <span class='ocrx_word' id='word_1_32' title='bbox 1465 482 1573 527; x_wconf 89' lang='lat' dir='ltr'>illud</span> <span class='ocrx_word' id='word_1_33' title='bbox 1589 481 1709 544; x_wconf 89' lang='lat' dir='ltr'>quod</span> 
     </span>
     <span class='ocr_line' id='line_1_5' title="bbox 338 552 1710 616; baseline -0.005 -10"><span class='ocrx_word' id='word_1_34' title='bbox 338 561 384 606; x_wconf 89' lang='lat' dir='ltr'>in</span> <span class='ocrx_word' id='word_1_35' title='bbox 409 560 492 605; x_wconf 84' lang='lat' dir='ltr'>alio</span> <span class='ocrx_word' id='word_1_36' title='bbox 511 556 682 603; x_wconf 83' lang='lat' dir='ltr'>Psalmo</span> <span class='ocrx_word' id='word_1_37' title='bbox 707 572 716 599; x_wconf 95' lang='lat'><strong>:</strong></span> <span class='ocrx_word' id='word_1_38' title='bbox 745 575 764 595; x_wconf 79' lang='grc' dir='ltr'>α</span> <span class='ocrx_word' id='word_1_39' title='bbox 791 555 888 616; x_wconf 82' lang='lat' dir='ltr'>Ipse</span> <span class='ocrx_word' id='word_1_40' title='bbox 905 553 1007 598; x_wconf 86' lang='lat' dir='ltr'>fecit</span> <span class='ocrx_word' id='word_1_41' title='bbox 1031 570 1126 607; x_wconf 78' lang='lat'>1105,</span> <span class='ocrx_word' id='word_1_42' title='bbox 1152 563 1193 597; x_wconf 85' lang='lat' dir='ltr'>et</span> <span class='ocrx_word' id='word_1_43' title='bbox 1220 570 1305 598; x_wconf 80' lang='lat' dir='ltr'>non</span> <span class='ocrx_word' id='word_1_44' title='bbox 1330 552 1412 615; x_wconf 85' lang='lat' dir='ltr'>ipsi</span> <span class='ocrx_word' id='word_1_45' title='bbox 1431 553 1548 599; x_wconf 84' lang='lat' dir='ltr'>nos2.</span> <span class='ocrx_word' id='word_1_46' title='bbox 1574 573 1594 594; x_wconf 64' lang='grc' dir='ltr'>ι)</span> <span class='ocrx_word' id='word_1_47' title='bbox 1615 554 1710 598; x_wconf 88' lang='lat' dir='ltr'>Hoc</span> 
     </span>
     <span class='ocr_line' id='line_1_6' title="bbox 339 624 1712 686; baseline -0.006 -10"><span class='ocrx_word' id='word_1_48' title='bbox 339 631 453 676; x_wconf 80' lang='lat' dir='ltr'>euim</span> <span class='ocrx_word' id='word_1_49' title='bbox 477 646 561 674; x_wconf 83' lang='lat' dir='ltr'>nou</span> <span class='ocrx_word' id='word_1_50' title='bbox 595 627 649 672; x_wconf 83' lang='lat' dir='ltr'>ad</span> <span class='ocrx_word' id='word_1_51' title='bbox 677 643 769 672; x_wconf 76' lang='lat' dir='ltr'>cam</span> <span class='ocrx_word' id='word_1_52' title='bbox 797 635 1019 678; x_wconf 74' lang='lat' dir='ltr'>naturam,</span> <span class='ocrx_word' id='word_1_53' title='bbox 1047 641 1133 686; x_wconf 84' lang='lat' dir='ltr'>qua</span> <span class='ocrx_word' id='word_1_54' title='bbox 1165 624 1363 668; x_wconf 81' lang='lat' dir='ltr'>homines</span> <span class='ocrx_word' id='word_1_55' title='bbox 1392 640 1560 679; x_wconf 69' lang='lat' dir='ltr'>suiuus,</span> <span class='ocrx_word' id='word_1_56' title='bbox 1588 627 1712 683; x_wconf 87' lang='lat' dir='ltr'>cujus</span> 
     </span>
     <span class='ocr_line' id='line_1_7' title="bbox 335 693 1710 759; baseline -0.007 -12"><span class='ocrx_word' id='word_1_57' title='bbox 335 711 504 746; x_wconf 77' lang='lat' dir='ltr'>naturae</span> <span class='ocrx_word' id='word_1_58' title='bbox 525 698 637 744; x_wconf 83' lang='lat' dir='ltr'>idem</span> <span class='ocrx_word' id='word_1_59' title='bbox 663 697 752 759; x_wconf 85' lang='lat' dir='ltr'>ipse</span> <span class='ocrx_word' id='word_1_60' title='bbox 771 705 936 740; x_wconf 81' lang='lat' dir='ltr'>creator</span> <span class='ocrx_word' id='word_1_61' title='bbox 953 704 1014 738; x_wconf 86' lang='lat' dir='ltr'>est</span> <span class='ocrx_word' id='word_1_62' title='bbox 1028 731 1037 748; x_wconf 79' lang='lat'>,</span> <span class='ocrx_word' id='word_1_63' title='bbox 1064 694 1137 756; x_wconf 86' lang='lat' dir='ltr'>qui</span> <span class='ocrx_word' id='word_1_64' title='bbox 1160 693 1261 738; x_wconf 80' lang='lat' dir='ltr'>coeli</span> <span class='ocrx_word' id='word_1_65' title='bbox 1284 704 1326 738; x_wconf 84' lang='lat' dir='ltr'>et</span> <span class='ocrx_word' id='word_1_66' title='bbox 1347 704 1471 739; x_wconf 84' lang='lat' dir='ltr'>terrae</span> <span class='ocrx_word' id='word_1_67' title='bbox 1490 730 1500 747; x_wconf 83' lang='lat'>‚</span> <span class='ocrx_word' id='word_1_68' title='bbox 1522 693 1710 739; x_wconf 84' lang='lat' dir='ltr'>siderum</span> 
     </span>
     <span class='ocr_line' id='line_1_8' title="bbox 337 762 1715 830; baseline -0.005 -15"><span class='ocrx_word' id='word_1_69' title='bbox 337 770 618 830; x_wconf 84' lang='lat' dir='ltr'>omniumque</span> <span class='ocrx_word' id='word_1_70' title='bbox 643 764 952 816; x_wconf 68' lang='lat' dir='ltr'>animantiuim</span> <span class='ocrx_word' id='word_1_71' title='bbox 973 763 1043 808; x_wconf 77' lang='lat' dir='ltr'>secl</span> <span class='ocrx_word' id='word_1_72' title='bbox 1063 762 1114 807; x_wconf 73' lang='lat' dir='ltr'>:ul</span> <span class='ocrx_word' id='word_1_73' title='bbox 1144 762 1250 808; x_wconf 80' lang='lat' dir='ltr'>illud</span> <span class='ocrx_word' id='word_1_74' title='bbox 1274 763 1418 825; x_wconf 73' lang='lat' dir='ltr'>potius</span> <span class='ocrx_word' id='word_1_75' title='bbox 1441 762 1715 808; x_wconf 69' lang='lat' dir='ltr'>referendum</span> 
     </span>
     <span class='ocr_line' id='line_1_9' title="bbox 338 834 1715 903; baseline -0.005 -17"><span class='ocrx_word' id='word_1_76' title='bbox 338 851 420 897; x_wconf 71' lang='lat' dir='ltr'>est,</span> <span class='ocrx_word' id='word_1_77' title='bbox 448 838 567 903; x_wconf 84' lang='lat' dir='ltr'>quod</span> <span class='ocrx_word' id='word_1_78' title='bbox 597 835 824 899; x_wconf 62' lang='lat' dir='ltr'>.³2postolus</span> <span class='ocrx_word' id='word_1_79' title='bbox 846 834 931 879; x_wconf 81' lang='lat' dir='ltr'>ait:</span> <span class='ocrx_word' id='word_1_80' title='bbox 954 855 972 874; x_wconf 87' lang='lat'>«</span> <span class='ocrx_word' id='word_1_81' title='bbox 993 834 1134 896; x_wconf 67' lang='lat' dir='ltr'>Ipsius</span> <span class='ocrx_word' id='word_1_82' title='bbox 1161 834 1272 878; x_wconf 82' lang='lat' dir='ltr'>enim</span> <span class='ocrx_word' id='word_1_83' title='bbox 1295 851 1442 878; x_wconf 84' lang='lat' dir='ltr'>sumus</span> <span class='ocrx_word' id='word_1_84' title='bbox 1460 834 1715 893; x_wconf 80' lang='lat' dir='ltr'>figmentum</span> 
     </span>
     <span class='ocr_line' id='line_1_10' title="bbox 346 904 1717 966; baseline -0.003 -14"><span class='ocrx_word' id='word_1_85' title='bbox 346 933 367 952; x_wconf 69' lang='grc' dir='ltr'>υ</span> <span class='ocrx_word' id='word_1_86' title='bbox 394 910 525 957; x_wconf 79' lang='lat' dir='ltr'>creati</span> <span class='ocrx_word' id='word_1_87' title='bbox 544 908 588 953; x_wconf 87' lang='lat' dir='ltr'>in</span> <span class='ocrx_word' id='word_1_88' title='bbox 614 907 715 951; x_wconf 67' lang='lat' dir='ltr'>‹lesu</span> <span class='ocrx_word' id='word_1_89' title='bbox 741 904 916 950; x_wconf 87' lang='lat' dir='ltr'>Christo</span> <span class='ocrx_word' id='word_1_90' title='bbox 940 904 983 948; x_wconf 86' lang='lat' dir='ltr'>in</span> <span class='ocrx_word' id='word_1_91' title='bbox 1009 904 1213 966; x_wconf 75' lang='lat' dir='ltr'>operibus</span> <span class='ocrx_word' id='word_1_92' title='bbox 1242 904 1389 958; x_wconf 72' lang='lat' dir='ltr'>bonis,</span> <span class='ocrx_word' id='word_1_93' title='bbox 1417 918 1515 965; x_wconf 84' lang='lat' dir='ltr'>quae</span> <span class='ocrx_word' id='word_1_94' title='bbox 1539 921 1717 966; x_wconf 82' lang='lat' dir='ltr'>praepa-</span> 
     </span>
     <span class='ocr_line' id='line_1_11' title="bbox 350 973 1297 1031; baseline -0.007 -10"><span class='ocrx_word' id='word_1_95' title='bbox 350 1000 372 1022; x_wconf 84' lang='lat'>»</span> <span class='ocrx_word' id='word_1_96' title='bbox 397 979 508 1025; x_wconf 69' lang='lat' dir='ltr'>ravit</span> <span class='ocrx_word' id='word_1_97' title='bbox 528 978 669 1031; x_wconf 80' lang='lat' dir='ltr'>Deus,</span> <span class='ocrx_word' id='word_1_98' title='bbox 697 985 744 1020; x_wconf 87' lang='lat' dir='ltr'>ut</span> <span class='ocrx_word' id='word_1_99' title='bbox 765 973 907 1019; x_wconf 84' lang='lat' dir='ltr'>inillis</span> <span class='ocrx_word' id='word_1_100' title='bbox 935 973 1251 1020; x_wconf 38' lang='lat' dir='ltr'>ambulemus?</span> <span class='ocrx_word' id='word_1_101' title='bbox 1279 996 1297 1015; x_wconf 63' lang='lat' dir='ltr'>r,</span> 
     </span>
    </p>

    <p class='ocr_par' dir='ltr' id='par_1_3' title="bbox 337 1043 1740 2582">
     <span class='ocr_line' id='line_1_12' title="bbox 405 1043 1719 1107; baseline -0.005 -12"><span class='ocrx_word' id='word_1_102' title='bbox 405 1047 630 1095; x_wconf 70' lang='lat' dir='ltr'>LXXXII.</span> <span class='ocrx_word' id='word_1_103' title='bbox 663 1045 862 1090; x_wconf 76' lang='lat' dir='ltr'><strong>Arbitror</strong></span> <span class='ocrx_word' id='word_1_104' title='bbox 887 1043 964 1088; x_wconf 85' lang='lat' dir='ltr'>tibi</span> <span class='ocrx_word' id='word_1_105' title='bbox 1007 1043 1081 1088; x_wconf 79' lang='lat' dir='ltr'>sati</span> <span class='ocrx_word' id='word_1_106' title='bbox 1111 1060 1196 1088; x_wconf 76' lang='lat' dir='ltr'>esse</span> <span class='ocrx_word' id='word_1_107' title='bbox 1219 1043 1378 1088; x_wconf 73' lang='lat' dir='ltr'>solutas</span> <span class='ocrx_word' id='word_1_108' title='bbox 1406 1054 1497 1089; x_wconf 84' lang='lat' dir='ltr'>tuas</span> <span class='ocrx_word' id='word_1_109' title='bbox 1522 1044 1719 1107; x_wconf 76' lang='lat' dir='ltr'>quinque</span> 
     </span>
     <span class='ocr_line' id='line_1_13' title="bbox 337 1113 1720 1184; baseline -0.004 -19"><span class='ocrx_word' id='word_1_110' title='bbox 337 1119 614 1184; x_wconf 58' lang='lat' dir='ltr'>quaestiones,</span> <span class='ocrx_word' id='word_1_111' title='bbox 636 1115 660 1160; x_wconf 81' lang='lat' dir='ltr'>(l</span> <span class='ocrx_word' id='word_1_112' title='bbox 671 1131 742 1160; x_wconf 87' lang='lat' dir='ltr'>um</span> <span class='ocrx_word' id='word_1_113' title='bbox 757 1115 801 1159; x_wconf 89' lang='lat' dir='ltr'>in</span> <span class='ocrx_word' id='word_1_114' title='bbox 818 1113 897 1158; x_wconf 80' lang='lat' dir='ltr'>ista</span> <span class='ocrx_word' id='word_1_115' title='bbox 916 1130 1007 1159; x_wconf 83' lang='lat' dir='ltr'>mea</span> <span class='ocrx_word' id='word_1_116' title='bbox 1019 1114 1151 1159; x_wconf 72' lang='lat' dir='ltr'>veluti</span> <span class='ocrx_word' id='word_1_117' title='bbox 1172 1125 1282 1159; x_wconf 66' lang='lat' dir='ltr'>sexta</span> <span class='ocrx_word' id='word_1_118' title='bbox 1299 1115 1568 1169; x_wconf 82' lang='lat' dir='ltr'>immorarer,</span> <span class='ocrx_word' id='word_1_119' title='bbox 1587 1131 1720 1177; x_wconf 82' lang='lat' dir='ltr'>quam</span> 
     </span>
     <span class='ocr_line' id='line_1_14' title="bbox 339 1185 1723 1250; baseline -0.005 -14"><span class='ocrx_word' id='word_1_120' title='bbox 339 1189 451 1236; x_wconf 83' lang='lat' dir='ltr'>mihi</span> <span class='ocrx_word' id='word_1_121' title='bbox 478 1185 691 1250; x_wconf 77' lang='lat' dir='ltr'>proposui</span> <span class='ocrx_word' id='word_1_122' title='bbox 732 1185 792 1229; x_wconf 78' lang='lat' dir='ltr'>de</span> <span class='ocrx_word' id='word_1_123' title='bbox 823 1188 983 1246; x_wconf 61' lang='lat' dir='ltr'>gluttu</span> <span class='ocrx_word' id='word_1_124' title='bbox 1026 1188 1149 1230; x_wconf 61' lang='lat' dir='ltr'>Novi</span> <span class='ocrx_word' id='word_1_125' title='bbox 1191 1189 1499 1239; x_wconf 72' lang='lat' dir='ltr'>Testamenti,</span> <span class='ocrx_word' id='word_1_126' title='bbox 1542 1194 1723 1247; x_wconf 86' lang='lat' dir='ltr'>propter</span> 
     </span>
     <span class='ocr_line' id='line_1_15' title="bbox 345 1253 1720 1324; baseline -0.005 -18"><span class='ocrx_word' id='word_1_127' title='bbox 345 1276 477 1324; x_wconf 80' lang='lat' dir='ltr'>quam</span> <span class='ocrx_word' id='word_1_128' title='bbox 498 1257 691 1303; x_wconf 77' lang='lat' dir='ltr'>Verbum</span> <span class='ocrx_word' id='word_1_129' title='bbox 713 1271 814 1301; x_wconf 88' lang='lat' dir='ltr'>caro</span> <span class='ocrx_word' id='word_1_130' title='bbox 847 1253 1031 1311; x_wconf 77' lang='lat' dir='ltr'>factum,</span> <span class='ocrx_word' id='word_1_131' title='bbox 1060 1254 1106 1299; x_wconf 86' lang='lat' dir='ltr'>id</span> <span class='ocrx_word' id='word_1_132' title='bbox 1139 1265 1222 1310; x_wconf 75' lang='lat' dir='ltr'>est,</span> <span class='ocrx_word' id='word_1_133' title='bbox 1248 1255 1322 1318; x_wconf 92' lang='lat' dir='ltr'>qui</span> <span class='ocrx_word' id='word_1_134' title='bbox 1349 1254 1481 1300; x_wconf 82' lang='lat' dir='ltr'>Filius</span> <span class='ocrx_word' id='word_1_135' title='bbox 1505 1255 1588 1300; x_wconf 83' lang='lat' dir='ltr'>Dei</span> <span class='ocrx_word' id='word_1_136' title='bbox 1612 1264 1720 1304; x_wconf 83' lang='lat' dir='ltr'>erat.</span> 
     </span>
     <span class='ocr_line' id='line_1_16' title="bbox 351 1325 1724 1388; baseline -0.004 -12"><span class='ocrx_word' id='word_1_137' title='bbox 351 1331 487 1376; x_wconf 88' lang='lat' dir='ltr'>homo</span> <span class='ocrx_word' id='word_1_138' title='bbox 519 1327 658 1372; x_wconf 87' lang='lat' dir='ltr'>factus</span> <span class='ocrx_word' id='word_1_139' title='bbox 692 1336 754 1371; x_wconf 88' lang='lat' dir='ltr'>est</span> <span class='ocrx_word' id='word_1_140' title='bbox 773 1326 810 1382; x_wconf 57' lang='grc' dir='ltr'>Δ,</span> <span class='ocrx_word' id='word_1_141' title='bbox 841 1335 1040 1370; x_wconf 79' lang='lat' dir='ltr'>naturam</span> <span class='ocrx_word' id='word_1_142' title='bbox 1067 1325 1342 1388; x_wconf 85' lang='lat' dir='ltr'>suscipiendo</span> <span class='ocrx_word' id='word_1_143' title='bbox 1380 1336 1571 1372; x_wconf 83' lang='lat' dir='ltr'>nostram</span> <span class='ocrx_word' id='word_1_144' title='bbox 1590 1361 1601 1381; x_wconf 89' lang='lat'><strong><em>‚</em></strong></span> <span class='ocrx_word' id='word_1_145' title='bbox 1637 1342 1724 1370; x_wconf 90' lang='lat' dir='ltr'>non</span> 
     </span>
     <span class='ocr_line' id='line_1_17' title="bbox 351 1394 1722 1459; baseline -0.003 -14"><span class='ocrx_word' id='word_1_146' title='bbox 351 1397 590 1445; x_wconf 84' lang='lat' dir='ltr'>amittendo</span> <span class='ocrx_word' id='word_1_147' title='bbox 618 1412 740 1441; x_wconf 87' lang='lat' dir='ltr'>suam</span> <span class='ocrx_word' id='word_1_148' title='bbox 768 1413 778 1440; x_wconf 94' lang='lat'>:</span> <span class='ocrx_word' id='word_1_149' title='bbox 805 1412 882 1459; x_wconf 89' lang='lat' dir='ltr'>per</span> <span class='ocrx_word' id='word_1_150' title='bbox 911 1394 1029 1458; x_wconf 86' lang='lat' dir='ltr'>quod</span> <span class='ocrx_word' id='word_1_151' title='bbox 1070 1406 1111 1440; x_wconf 86' lang='lat' dir='ltr'>et</span> <span class='ocrx_word' id='word_1_152' title='bbox 1134 1395 1260 1441; x_wconf 87' lang='lat' dir='ltr'>nobis</span> <span class='ocrx_word' id='word_1_153' title='bbox 1291 1395 1604 1459; x_wconf 77' lang='lat' dir='ltr'>recipientibus</span> <span class='ocrx_word' id='word_1_154' title='bbox 1626 1412 1722 1441; x_wconf 87' lang='lat' dir='ltr'>eum</span> 
     </span>
     <span class='ocr_line' id='line_1_18' title="bbox 347 1466 1725 1534; baseline -0.003 -19"><span class='ocrx_word' id='word_1_155' title='bbox 347 1479 537 1534; x_wconf 84' lang='lat' dir='ltr'>potestas</span> <span class='ocrx_word' id='word_1_156' title='bbox 556 1467 748 1522; x_wconf 83' lang='lat' dir='ltr'>daretur,</span> <span class='ocrx_word' id='word_1_157' title='bbox 773 1476 821 1511; x_wconf 86' lang='lat' dir='ltr'>ut</span> <span class='ocrx_word' id='word_1_158' title='bbox 844 1467 921 1530; x_wconf 88' lang='lat' dir='ltr'>qui</span> <span class='ocrx_word' id='word_1_159' title='bbox 944 1482 1112 1511; x_wconf 84' lang='lat' dir='ltr'>eramus</span> <span class='ocrx_word' id='word_1_160' title='bbox 1141 1466 1354 1521; x_wconf 78' lang='lat' dir='ltr'>homines,</span> <span class='ocrx_word' id='word_1_161' title='bbox 1382 1466 1460 1511; x_wconf 88' lang='lat' dir='ltr'>filii</span> <span class='ocrx_word' id='word_1_162' title='bbox 1498 1466 1575 1511; x_wconf 89' lang='lat' dir='ltr'>Dei</span> <span class='ocrx_word' id='word_1_163' title='bbox 1599 1467 1725 1512; x_wconf 88' lang='lat' dir='ltr'>fiere-</span> 
     </span>
     <span class='ocr_line' id='line_1_19' title="bbox 348 1535 1726 1602; baseline -0.003 -17"><span class='ocrx_word' id='word_1_164' title='bbox 348 1556 446 1585; x_wconf 84' lang='lat' dir='ltr'>mus</span> <span class='ocrx_word' id='word_1_165' title='bbox 470 1537 806 1602; x_wconf 76' lang='lat' dir='ltr'>participatione</span> <span class='ocrx_word' id='word_1_166' title='bbox 823 1535 1196 1582; x_wconf 79' lang='lat' dir='ltr'>incommutabilis</span> <span class='ocrx_word' id='word_1_167' title='bbox 1224 1536 1329 1581; x_wconf 83' lang='lat' dir='ltr'>boni</span> <span class='ocrx_word' id='word_1_168' title='bbox 1351 1537 1395 1581; x_wconf 89' lang='lat' dir='ltr'>in</span> <span class='ocrx_word' id='word_1_169' title='bbox 1425 1535 1576 1582; x_wconf 88' lang='lat' dir='ltr'>melius</span> <span class='ocrx_word' id='word_1_170' title='bbox 1602 1553 1726 1582; x_wconf 89' lang='lat' dir='ltr'>com-</span> 
     </span>
     <span class='ocr_line' id='line_1_20' title="bbox 350 1606 1728 1669; baseline -0.003 -13"><span class='ocrx_word' id='word_1_171' title='bbox 350 1609 524 1662; x_wconf 84' lang='lat' dir='ltr'>mutati,</span> <span class='ocrx_word' id='word_1_172' title='bbox 568 1625 655 1652; x_wconf 85' lang='lat' dir='ltr'>non</span> <span class='ocrx_word' id='word_1_173' title='bbox 701 1606 755 1652; x_wconf 82' lang='lat' dir='ltr'>ad</span> <span class='ocrx_word' id='word_1_174' title='bbox 795 1606 1078 1669; x_wconf 82' lang='lat' dir='ltr'>temporalem</span> <span class='ocrx_word' id='word_1_175' title='bbox 1103 1606 1353 1652; x_wconf 78' lang='lat' dir='ltr'>felicitatem</span> <span class='ocrx_word' id='word_1_176' title='bbox 1371 1643 1381 1661; x_wconf 84' lang='lat'>,</span> <span class='ocrx_word' id='word_1_177' title='bbox 1424 1606 1496 1652; x_wconf 86' lang='lat' dir='ltr'>sed</span> <span class='ocrx_word' id='word_1_178' title='bbox 1540 1606 1593 1652; x_wconf 77' lang='lat' dir='ltr'>acl</span> <span class='ocrx_word' id='word_1_179' title='bbox 1627 1607 1728 1652; x_wconf 76' lang='lat' dir='ltr'>vitae</span> 
     </span>
     <span class='ocr_line' id='line_1_21' title="bbox 353 1677 1729 1740; baseline -0.002 -15"><span class='ocrx_word' id='word_1_180' title='bbox 353 1691 525 1726; x_wconf 84' lang='lat' dir='ltr'>aeternae</span> <span class='ocrx_word' id='word_1_181' title='bbox 551 1696 561 1723; x_wconf 93' lang='lat'>:</span> <span class='ocrx_word' id='word_1_182' title='bbox 591 1694 690 1740; x_wconf 76' lang='lat' dir='ltr'>quae</span> <span class='ocrx_word' id='word_1_183' title='bbox 714 1677 802 1722; x_wconf 87' lang='lat' dir='ltr'>sola</span> <span class='ocrx_word' id='word_1_184' title='bbox 824 1677 951 1722; x_wconf 76' lang='lat' dir='ltr'>beata</span> <span class='ocrx_word' id='word_1_185' title='bbox 979 1687 1066 1732; x_wconf 85' lang='lat' dir='ltr'>est,</span> <span class='ocrx_word' id='word_1_186' title='bbox 1093 1677 1384 1740; x_wconf 82' lang='lat' dir='ltr'>adoptionem.</span> <span class='ocrx_word' id='word_1_187' title='bbox 1422 1677 1546 1723; x_wconf 71' lang='lat' dir='ltr'>[nde</span> <span class='ocrx_word' id='word_1_188' title='bbox 1565 1677 1729 1740; x_wconf 83' lang='lat' dir='ltr'>placuit</span> 
     </span>
     <span class='ocr_line' id='line_1_22' title="bbox 352 1747 1728 1812; baseline -0.002 -17"><span class='ocrx_word' id='word_1_189' title='bbox 352 1750 479 1795; x_wconf 79' lang='lat' dir='ltr'>etiam</span> <span class='ocrx_word' id='word_1_190' title='bbox 505 1747 819 1812; x_wconf 85' lang='lat' dir='ltr'>propheticum</span> <span class='ocrx_word' id='word_1_191' title='bbox 851 1747 1071 1792; x_wconf 87' lang='lat' dir='ltr'>Psalmum</span> <span class='ocrx_word' id='word_1_192' title='bbox 1097 1764 1365 1810; x_wconf 75' lang='lat' dir='ltr'>percurrere,</span> <span class='ocrx_word' id='word_1_193' title='bbox 1389 1751 1512 1807; x_wconf 86' lang='lat' dir='ltr'>cujus</span> <span class='ocrx_word' id='word_1_194' title='bbox 1538 1747 1728 1810; x_wconf 81' lang='lat' dir='ltr'>primum</span> 
     </span>
     <span class='ocr_line' id='line_1_23' title="bbox 355 1816 1730 1881; baseline -0.002 -15"><span class='ocrx_word' id='word_1_195' title='bbox 355 1836 524 1866; x_wconf 86' lang='lat' dir='ltr'>versum</span> <span class='ocrx_word' id='word_1_196' title='bbox 545 1819 590 1864; x_wconf 87' lang='lat' dir='ltr'>in</span> <span class='ocrx_word' id='word_1_197' title='bbox 622 1817 815 1879; x_wconf 75' lang='lat' dir='ltr'>passione</span> <span class='ocrx_word' id='word_1_198' title='bbox 840 1818 1213 1872; x_wconf 68' lang='lat' dir='ltr'>commemoravit‚</span> <span class='ocrx_word' id='word_1_199' title='bbox 1251 1817 1476 1863; x_wconf 83' lang='lat' dir='ltr'>ostendens</span> <span class='ocrx_word' id='word_1_200' title='bbox 1508 1816 1730 1881; x_wconf 80' lang='lat' dir='ltr'>quomodo</span> 
     </span>
     <span class='ocr_line' id='line_1_24' title="bbox 356 1887 1730 1950; baseline -0.002 -15"><span class='ocrx_word' id='word_1_201' title='bbox 356 1907 432 1935; x_wconf 83' lang='lat' dir='ltr'>nos</span> <span class='ocrx_word' id='word_1_202' title='bbox 459 1892 574 1934; x_wconf 88' lang='lat' dir='ltr'>Deus</span> <span class='ocrx_word' id='word_1_203' title='bbox 599 1887 886 1949; x_wconf 80' lang='lat' dir='ltr'>derelinquat,</span> <span class='ocrx_word' id='word_1_204' title='bbox 929 1898 970 1932; x_wconf 82' lang='lat' dir='ltr'>et</span> <span class='ocrx_word' id='word_1_205' title='bbox 1003 1904 1090 1950; x_wconf 84' lang='lat' dir='ltr'>quo</span> <span class='ocrx_word' id='word_1_206' title='bbox 1120 1887 1201 1933; x_wconf 89' lang='lat' dir='ltr'>alio</span> <span class='ocrx_word' id='word_1_207' title='bbox 1238 1887 1368 1932; x_wconf 86' lang='lat' dir='ltr'>modo</span> <span class='ocrx_word' id='word_1_208' title='bbox 1404 1904 1491 1932; x_wconf 89' lang='lat' dir='ltr'>non</span> <span class='ocrx_word' id='word_1_209' title='bbox 1514 1887 1686 1932; x_wconf 74' lang='lat' dir='ltr'>recedat</span> <span class='ocrx_word' id='word_1_210' title='bbox 1707 1905 1730 1931; x_wconf 80' lang='lat' dir='ltr'>a</span> 
     </span>
     <span class='ocr_line' id='line_1_25' title="bbox 352 1956 1732 2019; baseline -0.002 -14"><span class='ocrx_word' id='word_1_211' title='bbox 352 1959 498 2013; x_wconf 80' lang='lat' dir='ltr'>nobis,</span> <span class='ocrx_word' id='word_1_212' title='bbox 527 1957 580 2002; x_wconf 82' lang='lat' dir='ltr'>ad</span> <span class='ocrx_word' id='word_1_213' title='bbox 602 1958 715 2001; x_wconf 83' lang='lat' dir='ltr'>bona</span> <span class='ocrx_word' id='word_1_214' title='bbox 733 1968 892 2002; x_wconf 84' lang='lat' dir='ltr'>aeterna</span> <span class='ocrx_word' id='word_1_215' title='bbox 918 1975 991 2002; x_wconf 82' lang='lat' dir='ltr'>nos</span> <span class='ocrx_word' id='word_1_216' title='bbox 1013 1957 1234 2016; x_wconf 76' lang='lat' dir='ltr'>colligens,</span> <span class='ocrx_word' id='word_1_217' title='bbox 1261 1956 1516 2019; x_wconf 76' lang='lat' dir='ltr'>temporalia</span> <span class='ocrx_word' id='word_1_218' title='bbox 1540 1974 1638 2003; x_wconf 68' lang='lat' dir='ltr'>vero</span> <span class='ocrx_word' id='word_1_219' title='bbox 1655 1956 1732 2002; x_wconf 86' lang='lat' dir='ltr'>ali-</span> 
     </span>
     <span class='ocr_line' id='line_1_26' title="bbox 358 2026 1732 2092; baseline -0.001 -18"><span class='ocrx_word' id='word_1_220' title='bbox 358 2028 534 2092; x_wconf 80' lang='lat' dir='ltr'>quando</span> <span class='ocrx_word' id='word_1_221' title='bbox 558 2027 721 2073; x_wconf 81' lang='lat' dir='ltr'>utiliter</span> <span class='ocrx_word' id='word_1_222' title='bbox 765 2027 983 2082; x_wconf 81' lang='lat' dir='ltr'>tribuens,</span> <span class='ocrx_word' id='word_1_223' title='bbox 1021 2038 1062 2072; x_wconf 84' lang='lat' dir='ltr'>et</span> <span class='ocrx_word' id='word_1_224' title='bbox 1088 2028 1322 2090; x_wconf 74' lang='lat' dir='ltr'>aliquando</span> <span class='ocrx_word' id='word_1_225' title='bbox 1355 2026 1515 2072; x_wconf 78' lang='lat' dir='ltr'>utiliter</span> <span class='ocrx_word' id='word_1_226' title='bbox 1554 2027 1732 2072; x_wconf 83' lang='lat' dir='ltr'>subtra-</span> 
     </span>
     <span class='ocr_line' id='line_1_27' title="bbox 357 2097 1734 2160; baseline -0.002 -16"><span class='ocrx_word' id='word_1_227' title='bbox 357 2099 490 2151; x_wconf 80' lang='lat' dir='ltr'>hens3</span> <span class='ocrx_word' id='word_1_228' title='bbox 532 2108 580 2142; x_wconf 85' lang='lat' dir='ltr'>ut</span> <span class='ocrx_word' id='word_1_229' title='bbox 614 2097 670 2141; x_wconf 75' lang='lat' dir='ltr'>eis</span> <span class='ocrx_word' id='word_1_230' title='bbox 707 2114 793 2142; x_wconf 86' lang='lat' dir='ltr'>non</span> <span class='ocrx_word' id='word_1_231' title='bbox 818 2097 982 2142; x_wconf 75' lang='lat' dir='ltr'>haerere</span> <span class='ocrx_word' id='word_1_232' title='bbox 1011 2097 1243 2153; x_wconf 69' lang='lat' dir='ltr'>discamus,</span> <span class='ocrx_word' id='word_1_233' title='bbox 1270 2115 1321 2142; x_wconf 85' lang='lat' dir='ltr'>ne</span> <span class='ocrx_word' id='word_1_234' title='bbox 1354 2107 1603 2160; x_wconf 83' lang='lat' dir='ltr'>contempta</span> <span class='ocrx_word' id='word_1_235' title='bbox 1638 2097 1734 2143; x_wconf 90' lang='lat' dir='ltr'>luce</span> 
     </span>
     <span class='ocr_line' id='line_1_28' title="bbox 358 2167 1732 2231; baseline -0.001 -16"><span class='ocrx_word' id='word_1_236' title='bbox 358 2170 578 2223; x_wconf 80' lang='lat' dir='ltr'>interiore,</span> <span class='ocrx_word' id='word_1_237' title='bbox 610 2184 708 2231; x_wconf 77' lang='lat' dir='ltr'>quae</span> <span class='ocrx_word' id='word_1_238' title='bbox 734 2167 787 2213; x_wconf 89' lang='lat' dir='ltr'>ad</span> <span class='ocrx_word' id='word_1_239' title='bbox 828 2186 984 2213; x_wconf 68' lang='lat' dir='ltr'>novam</span> <span class='ocrx_word' id='word_1_240' title='bbox 1023 2168 1210 2231; x_wconf 84' lang='lat' dir='ltr'>pertinet</span> <span class='ocrx_word' id='word_1_241' title='bbox 1252 2169 1399 2224; x_wconf 68' lang='lat' dir='ltr'>vitam,</span> <span class='ocrx_word' id='word_1_242' title='bbox 1429 2167 1573 2229; x_wconf 65' lang='lat' dir='ltr'>(unde</span> <span class='ocrx_word' id='word_1_243' title='bbox 1605 2168 1732 2213; x_wconf 83' lang='lat' dir='ltr'>etiam</span> 
     </span>
     <span class='ocr_line' id='line_1_29' title="bbox 359 2238 1733 2301; baseline -0.002 -16"><span class='ocrx_word' id='word_1_244' title='bbox 359 2239 556 2285; x_wconf 74' lang='lat' dir='ltr'>Psalmus</span> <span class='ocrx_word' id='word_1_245' title='bbox 585 2239 662 2283; x_wconf 87' lang='lat' dir='ltr'>iste</span> <span class='ocrx_word' id='word_1_246' title='bbox 685 2238 809 2301; x_wconf 83' lang='lat' dir='ltr'>ipse«</span> <span class='ocrx_word' id='word_1_247' title='bbox 831 2239 918 2282; x_wconf 88' lang='lat' dir='ltr'>Pro</span> <span class='ocrx_word' id='word_1_248' title='bbox 944 2238 1215 2300; x_wconf 80' lang='lat' dir='ltr'>susceptione</span> <span class='ocrx_word' id='word_1_249' title='bbox 1233 2240 1461 2293; x_wconf 76' lang='lat' dir='ltr'>matutina,</span> <span class='ocrx_word' id='word_1_250' title='bbox 1489 2260 1507 2278; x_wconf 90' lang='lat'>»</span> <span class='ocrx_word' id='word_1_251' title='bbox 1527 2247 1733 2300; x_wconf 73' lang='lat' dir='ltr'>tanquam</span> 
     </span>
     <span class='ocr_line' id='line_1_30' title="bbox 359 2308 1734 2372; baseline -0.001 -18"><span class='ocrx_word' id='word_1_252' title='bbox 359 2326 440 2372; x_wconf 86' lang='lat' dir='ltr'>pro</span> <span class='ocrx_word' id='word_1_253' title='bbox 465 2309 562 2354; x_wconf 85' lang='lat' dir='ltr'>luce</span> <span class='ocrx_word' id='word_1_254' title='bbox 582 2325 710 2362; x_wconf 75' lang='lat' dir='ltr'>nova,</span> <span class='ocrx_word' id='word_1_255' title='bbox 732 2325 890 2353; x_wconf 78' lang='lat' dir='ltr'>nomen</span> <span class='ocrx_word' id='word_1_256' title='bbox 912 2310 1110 2371; x_wconf 53' lang='lat' dir='ltr'>accepitj</span> <span class='ocrx_word' id='word_1_257' title='bbox 1133 2309 1175 2353; x_wconf 87' lang='lat' dir='ltr'>iu</span> <span class='ocrx_word' id='word_1_258' title='bbox 1212 2310 1361 2354; x_wconf 79' lang='lat' dir='ltr'>exteris</span> <span class='ocrx_word' id='word_1_259' title='bbox 1381 2308 1566 2354; x_wconf 84' lang='lat' dir='ltr'>tenebris</span> <span class='ocrx_word' id='word_1_260' title='bbox 1589 2309 1734 2355; x_wconf 85' lang='lat' dir='ltr'>liben-</span> 
     </span>
     <span class='ocr_line' id='line_1_31' title="bbox 360 2377 1737 2442; baseline 0.001 -19"><span class='ocrx_word' id='word_1_261' title='bbox 360 2389 424 2424; x_wconf 78' lang='lat' dir='ltr'>ter</span> <span class='ocrx_word' id='word_1_262' title='bbox 441 2378 707 2433; x_wconf 78' lang='lat' dir='ltr'>habitemus,</span> <span class='ocrx_word' id='word_1_263' title='bbox 744 2377 858 2423; x_wconf 88' lang='lat' dir='ltr'>unde</span> <span class='ocrx_word' id='word_1_264' title='bbox 875 2377 921 2422; x_wconf 90' lang='lat' dir='ltr'>in</span> <span class='ocrx_word' id='word_1_265' title='bbox 941 2378 1165 2423; x_wconf 74' lang='lat' dir='ltr'>exteriores</span> <span class='ocrx_word' id='word_1_266' title='bbox 1191 2381 1443 2434; x_wconf 82' lang='lat' dir='ltr'>mittuntur,</span> <span class='ocrx_word' id='word_1_267' title='bbox 1467 2379 1543 2442; x_wconf 90' lang='lat' dir='ltr'>qui</span> <span class='ocrx_word' id='word_1_268' title='bbox 1567 2397 1614 2424; x_wconf 85' lang='lat' dir='ltr'>ex</span> <span class='ocrx_word' id='word_1_269' title='bbox 1648 2380 1737 2424; x_wconf 79' lang='lat' dir='ltr'>istis</span> 
     </span>
     <span class='ocr_line' id='line_1_32' title="bbox 354 2448 1735 2503; baseline 0 -8"><span class='ocrx_word' id='word_1_270' title='bbox 354 2449 504 2495; x_wconf 84' lang='lat' dir='ltr'>exteris</span> <span class='ocrx_word' id='word_1_271' title='bbox 524 2466 611 2493; x_wconf 78' lang='lat' dir='ltr'>nou</span> <span class='ocrx_word' id='word_1_272' title='bbox 631 2466 673 2493; x_wconf 84' lang='lat' dir='ltr'>se</span> <span class='ocrx_word' id='word_1_273' title='bbox 699 2448 753 2493; x_wconf 79' lang='lat' dir='ltr'>ad</span> <span class='ocrx_word' id='word_1_274' title='bbox 778 2448 983 2494; x_wconf 79' lang='lat' dir='ltr'>interiora</span> <span class='ocrx_word' id='word_1_275' title='bbox 1007 2460 1293 2503; x_wconf 78' lang='lat' dir='ltr'>convertunt3</span> <span class='ocrx_word' id='word_1_276' title='bbox 1316 2467 1366 2495; x_wconf 81' lang='lat' dir='ltr'>ne</span> <span class='ocrx_word' id='word_1_277' title='bbox 1394 2450 1572 2496; x_wconf 87' lang='lat' dir='ltr'>diabolo</span> <span class='ocrx_word' id='word_1_278' title='bbox 1592 2461 1634 2495; x_wconf 87' lang='lat' dir='ltr'>et</span> <span class='ocrx_word' id='word_1_279' title='bbox 1662 2468 1735 2495; x_wconf 86' lang='lat' dir='ltr'>an-</span> 
     </span>
     <span class='ocr_line' id='line_1_33' title="bbox 354 2517 1740 2582; baseline 0.001 -18"><span class='ocrx_word' id='word_1_280' title='bbox 354 2519 464 2580; x_wconf 69' lang='lat' dir='ltr'>gelis</span> <span class='ocrx_word' id='word_1_281' title='bbox 487 2521 578 2578; x_wconf 78' lang='lat' dir='ltr'>ejus</span> <span class='ocrx_word' id='word_1_282' title='bbox 603 2517 778 2572; x_wconf 81' lang='lat' dir='ltr'>sociati,</span> <span class='ocrx_word' id='word_1_283' title='bbox 802 2530 987 2563; x_wconf 71' lang='lat' dir='ltr'>extrema</span> <span class='ocrx_word' id='word_1_284' title='bbox 1002 2518 1279 2564; x_wconf 82' lang='lat' dir='ltr'>damnatione</span> <span class='ocrx_word' id='word_1_285' title='bbox 1306 2520 1558 2582; x_wconf 84' lang='lat' dir='ltr'>puniamur.</span> <span class='ocrx_word' id='word_1_286' title='bbox 1583 2520 1740 2567; x_wconf 74' lang='lat' dir='ltr'>Intelli-</span> 
     </span>
    </p>
   </div>
   <div class='ocr_carea' id='block_1_3' title="bbox 411 2598 1663 2647">
    <p class='ocr_par' dir='ltr' id='par_1_4' title="bbox 411 2598 1663 2647">
     <span class='ocr_line' id='line_1_34' title="bbox 411 2598 1663 2647; baseline 0.003 -16"><span class='ocrx_word' id='word_1_287' title='bbox 411 2600 605 2642; x_wconf 50' lang='lat' dir='ltr'>zptiil.NX1‚</span> <span class='ocrx_word' id='word_1_288' title='bbox 626 2603 664 2631; x_wconf 79' lang='lat'>32</span> <span class='ocrx_word' id='word_1_289' title='bbox 692 2617 736 2623; x_wconf 90' lang='lat'>·—-</span> <span class='ocrx_word' id='word_1_290' title='bbox 754 2598 1545 2647; x_wconf 40' lang='lat' dir='ltr'>2111,xc·x,‚3.-³Ephcs,11;102—4J0au.</span> <span class='ocrx_word' id='word_1_291' title='bbox 1565 2610 1663 2645; x_wconf 76' lang='lat'>1,14.</span> 
     </span>
    </p>
   </div>
  </div>
 </body>
</html>
