1799 3251
594 234 806 264 rrisrom
843 236 999 264 cmxix
1390 227 1483 288 419

121 298 228 357 titiae
248 298 468 355 meminit,
496 309 538 344 et
566 289 844 362 peccatorum
872 300 960 344 sine
986 300 1011 345 d
1023 301 1123 345 abio
1150 302 1431 361 meminisset,
1454 305 1488 350 si

121 385 207 431 qua
232 386 302 415 eos
319 385 517 432 peccasse
538 369 743 415 sensisset.
775 369 858 415 Sed
879 381 984 416 esto.
1012 372 1171 434 inquit,
1200 371 1291 417 aliis
1313 382 1485 437 tempo—

119 439 241 485 ribus
261 439 404 485 turbae
424 441 728 486 numerositate
749 440 943 486 omnium
962 441 1294 487 dissimulaverit
1308 454 1485 506 peccata

121 520 341 556 contexere
362 529 372 559 ;
401 509 443 555 in
469 510 563 573 ipso
589 512 732 556 statim
758 510 909 556 mundi
929 512 1170 574 primordio
1187 549 1198 569 ‚
1220 512 1298 558 ubi
1317 515 1486 559 nonnisi

121 592 310 644 quatuor
325 580 523 626 homines
542 591 690 636 erant,
711 581 819 644 quid
839 619 849 638 ,
873 582 1041 645 inquit,
1066 582 1275 639 dicimus,
1305 599 1384 629 cur
1401 601 1488 629 non

121 652 315 696 omnium
354 651 541 696 voluerit
571 651 687 698 dicta
729 655 1005 697 memorare.D
1042 653 1282 699 Utrum-ne
1307 653 1491 713 ingentis

120 720 415 766 multitudinis
433 738 558 767 causa
574 759 584 778 ‚
610 738 711 785 quae
740 721 935 767 nondum
959 733 1049 767 erat
1074 742 1084 775 ;
1118 740 1172 768 an
1193 723 1294 785 quia
1316 722 1488 769 illorum

121 800 288 837 tantum
313 828 323 846 ,
360 792 436 855 qui
478 792 783 837 commiserant
806 829 816 848 ‚
857 792 1087 847 meminit,
1138 791 1254 838 illius
1290 808 1389 839 vero
1417 794 1491 856 qui

120 860 239 906 nulla
278 861 582 918 commiserat,
624 861 864 907 memini-sse
900 878 987 906 non
1020 862 1194 924 potuit?
1237 863 1362 908 Certe
1386 899 1397 919 ‚
1424 863 1493 908 in-

121 932 217 994 quit
242 968 252 987 ‚
299 933 441 995 primo
482 932 526 977 in
568 942 759 994 tempore
796 931 933 978 Adam
971 942 1013 977 et
1047 931 1175 978 Ενει1
1199 969 1210 988 ,
1255 949 1301 979 ex
1334 934 1495 996 quibus

124 1003 232 1046 Cain
258 1012 298 1046 et
326 1001 430 1046 Abel
460 1001 551 1046 nati
571 1012 696 1056 sunt,
729 1011 919 1064 quatuor
943 1001 1142 1047 homines
1174 1012 1343 1048 tantum
1368 1002 1495 1050 fuisse

122 1070 384 1116 referuntur.
412 1071 617 1116 Peccavit
637 1072 724 1117 Eva
746 1091 758 1125 3
787 1071 1014 1134 Scriptura
1034 1072 1118 1118 hoc
1133 1072 1494 1135 prodidit.Adam

122 1157 296 1205 quoque
318 1141 527 1204 deliquit3
546 1141 695 1186 eadem
712 1141 939 1204 Scriptura
961 1159 1047 1187 non
1065 1144 1213 1189 tacuit.
1238 1143 1321 1189 Sed
1334 1155 1375 1190 et
1390 1147 1498 1191 Ca'in

122 1228 322 1275 peccasse
342 1213 434 1274 ipsa
459 1228 633 1274 quoque
658 1212 887 1275 Scriptura
911 1222 1061 1258 testata
1080 1225 1154 1260 est.
1186 1214 1385 1269 Quorum
1410 1233 1498 1261 non

123 1281 254 1327 modo
280 1293 490 1345 peccata,
518 1282 800 1328 verumetiam
837 1292 1117 1345 peccatorum
1153 1283 1320 1330 indicat
1347 1285 1494 1349 quali-

125 1363 252 1398 tatem
271 1390 281 1409 ,
312 1351 430 1415 quod
464 1352 497 1396 si
527 1362 567 1397 et
593 1352 703 1398 Abel
734 1363 955 1416 peccasset
976 1390 985 1407 ‚
1013 1353 1183 1417 inquit,
1221 1365 1262 1400 et
1293 1355 1381 1402 hoc
1407 1357 1497 1402 sine

124 1422 260 1468 dubio
285 1422 512 1486 Scriptura
538 1421 708 1468 dixisset
731 1439 742 1467 ε
770 1421 801 1467 si
823 1439 909 1467 non
930 1422 1065 1482 dixit,
1085 1441 1185 1484 ergo
1208 1440 1285 1471 nec
1302 1424 1373 1471 ille
1389 1443 1494 1489 pec-

125 1503 254 1539 CaVll.
273 1515 292 1534 n

190 1563 265 1607 lX.
307 1563 413 1607 Haec
440 1562 573 1608 verba
597 1561 652 1608 de
687 1562 803 1608 libro
832 1567 923 1624 ejus
947 1564 1174 1626 decerpsi,
1203 1581 1304 1628 quae
1327 1565 1371 1611 in
1399 1567 1495 1630 ipso

125 1650 298 1697 quoque
317 1633 538 1679 volumine
561 1643 636 1679 tua
659 1634 863 1680 sanctitas
884 1636 1044 1698 poterit
1070 1635 1284 1688 invenire3
1307 1645 1354 1681 ut
1370 1637 1497 1694 intel-

125 1704 264 1764 ligatis
279 1703 650 1767 quemadmodum
672 1714 712 1749 et
728 1716 883 1750 caetera
896 1705 1070 1764 neganti
1091 1704 1263 1750 credere
1283 1705 1490 1756 debeatis,

127 1776 218 1820 Nisi
246 1774 355 1820 forte
376 1773 494 1818 dicat
518 1774 662 1836 ipsum
689 1775 798 1821 Abel
817 1775 929 1820 nihil
947 1792 1174 1838 peccasse:
1197 1775 1269 1821 sed
1293 1776 1391 1823 ideo
1409 1785 1496 1835 non

124 1845 252 1890 fuisse
275 1845 364 1889 sine
390 1854 569 1906 peccato
592 1881 602 1899 ‚
637 1854 678 1888 et
703 1844 800 1891 ideo
824 1863 911 1890 non
944 1863 1067 1909 posse
1097 1845 1286 1892 Domino
1317 1863 1496 1913 compa-

127 1916 236 1968 rari,
261 1914 335 1976 qui
360 1915 402 1958 in
439 1930 566 1958 carne
600 1914 773 1959 mortali
804 1914 919 1960 solus
946 1915 1035 1960 sine
1061 1926 1242 1978 peccato
1273 1915 1498 1986 fuit‚q‘uia

126 1996 215 2031 erat
232 1986 275 2030 in
303 1983 407 2028 Abel
427 1983 633 2042 originale
651 1996 902 2047 peccatum,
922 1985 1042 2049 quod
1059 1986 1112 2032 de
1137 1985 1274 2040 Adam
1292 1989 1494 2046 traxerat,

127 2073 213 2102 non
240 2057 286 2101 in
310 2071 352 2099 se
379 2054 474 2116 ipso
498 2054 589 2116 ipse
613 2055 901 2102 commiserat.
934 2053 1109 2101 Utinam
1139 2055 1287 2101 saltem
1314 2056 1401 2104 hoc
1424 2059 1494 2106 di-

127 2138 222 2182 cat,
263 2135 309 2170 ut
347 2124 519 2169 interim
543 2126 633 2183 ejus
669 2123 722 2170 de
761 2124 981 2188 baptismo
1016 2125 1300 2188 parvulorum
1335 2139 1495 2175 certam

128 2196 381 2243 sententiam
405 2204 545 2240 tenere
568 2195 795 2257 possimus,
832 2197 918 2241 Aut
939 2195 972 2240 si
997 2194 1107 2241 forte
1127 2232 1137 2251 ‚
1163 2196 1368 2258 quoniam
1392 2199 1498 2246 dixit

130 2269 185 2313 ab
211 2265 392 2312 infantia
419 2281 555 2327 usque
581 2263 634 2310 ad
668 2275 931 2310 senectutem
952 2301 962 2320 ‚
999 2264 1096 2310 ideo
1133 2264 1252 2310 dicat
1277 2267 1385 2313 Abel
1411 2287 1496 2316 non

129 2353 352 2401 peccasse,
380 2334 482 2397 quia
506 2350 584 2379 nec
605 2334 790 2380 senuisse
821 2344 1102 2380 monstratur.
1135 2335 1232 2380 Non
1263 2336 1349 2382 hoc
1379 2338 1499 2386 indi-

129 2419 230 2453 cant
251 2405 385 2453 verba
405 2407 497 2463 ejus
521 2421 531 2448 ε
562 2403 618 2449 ab
645 2404 768 2449 initio
791 2405 981 2468 priorem
1003 2404 1133 2449 vitam
1155 2404 1261 2450 dixit
1282 2411 1501 2469 peccatri-

129 2493 223 2522 cem
240 2511 252 2532 ‚
278 2474 561 2539 posteriorem
586 2489 687 2520 vero
704 2490 831 2537 posse
851 2490 936 2519 esse
954 2473 1043 2519 sine
1068 2484 1265 2536 peccato.
1298 2476 1368 2522 Ait
1384 2479 1498 2525 enim

179 2560 187 2582 ¹
207 2561 288 2592 Gen,
307 2569 356 2597 ιιι,
371 2557 404 2595 6,
419 2561 478 2587 etc.

1302 2622 1376 2674 271
