1799 3251
282 299 375 347 320
682 309 718 338 s.
762 305 1008 337 mensum
1042 302 1247 335 EPISCOPI

279 388 420 427 vestro
449 373 724 440 potissimum
757 387 950 417 sermone
981 383 1299 429 cognoscerem.
1329 365 1469 429 Super
1495 364 1654 410 animae

282 459 396 495 statu
419 445 598 493 memini
619 453 774 489 vestrae
798 438 1154 504 quaestiunculae,
1177 437 1265 482 imo
1286 436 1482 481 maximas
1512 434 1654 481 eccle-

281 520 464 566 siasticae
482 516 759 581 quaestionis;
786 514 943 559 Utrum
968 511 1089 574 lapsa
1106 509 1158 554 de
1177 507 1290 553 coelo
1311 508 1364 553 sit
1381 545 1390 563 ,
1421 518 1470 552 ut
1490 506 1656 568 Pytha-

283 604 404 650 goras
442 585 761 652 philosophuS,
806 599 1039 646 omnesque
1076 578 1292 625 Platonlci
1311 615 1322 633 ,
1366 589 1406 623 et
1450 578 1658 636 Origenes

284 671 445 724 putant
466 677 476 704 :
511 660 577 705 An
600 676 622 703 a
642 655 823 719 propria
853 653 927 698 Dei
955 651 1196 698 substantia
1216 687 1225 706 ,
1249 659 1298 694 ut
1321 648 1482 704 Stoici,
1512 648 1658 693 Mani-

281 731 455 786 chaeus,
485 739 527 775 et
553 728 749 790 Hispana
773 724 1031 770 Priscilliani
1063 721 1238 768 haeresis
1265 720 1567 783 suspicantur:
1593 720 1660 765 An

284 800 330 847 in
358 800 561 845 thesauro
595 797 845 842 habeantur
880 794 988 849 Dei,
1019 792 1121 838 olim
1157 790 1347 836 conditae
1367 827 1377 846 ,
1408 800 1456 835 ut
1478 787 1659 852 quidam

288 868 580 916 Ecclesiastici
612 865 744 912 stulta
775 863 1048 928 persuasione
1077 860 1309 908 confidunt
1335 879 1346 905 ι
1377 863 1443 906 An
1468 859 1663 922 quotidie

288 958 312 986 a
348 940 438 984 Deo
476 939 615 992 fiant,
654 946 695 981 et
729 936 959 980 mittantur
982 933 1028 978 in
1053 949 1262 995 corpora,
1292 929 1532 976 secundum
1553 928 1664 975 illud

288 1009 407 1073 quod
449 1009 493 1054 in
532 1005 765 1065 Evangelio
804 1004 1017 1067 scriptum
1049 1013 1137 1057 est,
1174 1023 1194 1043 «
1225 1005 1351 1047 Pater
1377 1017 1496 1046 meus
1530 1015 1665 1062 usque

291 1100 312 1121 ))
335 1079 467 1124 modo
494 1087 719 1140 operatur,
744 1085 785 1120 et
807 1092 882 1134 ego
902 1072 1107 1137 oper01¹1.
1133 1093 1153 1114 »
1173 1074 1240 1118 An
1261 1082 1374 1117 certe
1395 1089 1442 1116 ex
1465 1071 1662 1126 traduce,

292 1159 340 1195 ut
356 1147 650 1193 Tertullianus
663 1183 674 1202 ,
697 1144 962 1207 Apollinaris
978 1181 988 1198 ,
1016 1154 1057 1188 et
1077 1143 1260 1188 maxima
1278 1159 1378 1205 pars
1403 1141 1667 1187 Occidenta-

290 1219 399 1265 lium
436 1226 694 1268 autumant3
731 1225 802 1270 ut,
830 1212 1053 1277 quomodo
1090 1229 1251 1274 corpus
1285 1229 1333 1257 ex
1371 1228 1579 1274 corpore,
1608 1211 1669 1256 sic

294 1289 436 1335 anima
459 1297 660 1332 nascatur
683 1302 729 1331 ex
756 1286 920 1337 anima,
946 1294 988 1329 et
1011 1283 1138 1328 simili
1156 1299 1255 1328 cum
1275 1283 1416 1327 brutis
1443 1281 1671 1327 animanti-

294 1360 379 1406 bus
397 1357 648 1403 conditione
666 1356 885 1401 subsistat.
911 1354 1052 1417 Super
1076 1370 1163 1416 quo
1182 1352 1290 1415 quid
1307 1353 1418 1398 1111111
1431 1352 1667 1407 videretur,

293 1431 338 1475 in
357 1427 579 1491 opusculis
600 1437 751 1471 contra
775 1424 1000 1470 Bullinum
1025 1424 1244 1486 scripsisse
1269 1440 1336 1468 me
1361 1423 1463 1468 novi
1483 1460 1493 1478 ,
1516 1422 1672 1467 adver-

297 1517 366 1547 sus
384 1516 482 1544 eum
504 1497 721 1551 libellum,
747 1513 877 1559 quem
897 1505 1059 1540 sanctae
1079 1494 1298 1539 memoriae
1323 1493 1543 1538 Anastasio
1563 1493 1673 1556 epis-

299 1586 413 1632 copo
438 1570 650 1613 Romanas
673 1565 866 1611 ecclesiae
894 1565 1047 1610 deddit
1078 1582 1088 1609 t
1120 1565 1165 1609 in
1192 1580 1279 1627 quo
1303 1563 1475 1609 lubrica
1500 1574 1542 1608 et
1565 1564 1675 1608 sub-

298 1639 398 1685 dola
413 1674 424 1695 ‚
443 1638 529 1683 imo
548 1636 680 1682 stulta
694 1634 976 1691 confessione,
1007 1634 1114 1680 dum
1139 1634 1387 1679 auditorum
1405 1631 1677 1696 simplicitati

298 1707 482 1754 illudere
514 1706 687 1762 nititur,
723 1722 813 1750 suae
849 1704 980 1759 fidei,
1026 1704 1115 1749 imo
1150 1703 1347 1766 perfidias
1381 1703 1676 1765 illusitzquos

300 1779 438 1825 libros
457 1794 552 1822 reor
573 1786 771 1822 sanctum
790 1786 1013 1838 parentem
1032 1785 1222 1820 vestrum
1243 1774 1406 1819 habere
1428 1775 1668 1820 Oceanum.

306 1848 427 1894 Olim
454 1848 570 1892 enim
592 1846 697 1891 editi
726 1856 827 1891 sunt
843 1882 856 1902 ,
882 1844 1029 1890 multis
1053 1844 1220 1889 Ruffini
1238 1844 1362 1889 libris
1381 1843 1582 1890 adversus
1599 1860 1678 1888 ca-

301 1917 488 1965 lumnias
504 1916 822 1979 respondentes.
856 1916 982 1961 Certe
1002 1915 1139 1960 habes
1161 1915 1226 1960 ibi
1249 1916 1393 1961 virum
1417 1925 1618 1960 sanctum
1637 1924 1679 1959 et

305 1987 523 2035 eruditum
565 1986 855 2045 Augustinum
889 1985 1145 2048 episcopum
1161 2020 1172 2039 ‚
1201 1984 1278 2047 qui
1311 1984 1435 2037 viva,
1460 1994 1508 2029 ut
1531 1984 1674 2038 aiunt,

305 2075 410 2107 voce
440 2057 596 2102 docere
633 2066 670 2101 te
704 2056 890 2118 poterit,
931 2066 971 2100 ct
1005 2071 1124 2100 suam
1145 2091 1157 2110 ,
1199 2055 1288 2099 imo
1309 2071 1388 2117 per
1418 2071 1460 2100 se
1488 2065 1680 2100 nostram

306 2128 517 2192 explicare
541 2126 811 2171 sententiam.
841 2145 861 2165 ›>

373 2201 433 2244 II.
464 2196 699 2243 Ezechielis
723 2195 929 2242 volumen
961 2194 1065 2240 olim
1092 2194 1267 2254 aggredi
1300 2194 1444 2250 volui,
1472 2205 1513 2240 et
1545 2211 1683 2258 spon-

307 2272 469 2317 sionem
491 2266 797 2312 creberrimam
826 2264 1027 2311 studiosis
1052 2265 1290 2311 lectoribus
1313 2264 1516 2319 reddere;
1542 2265 1615 2311 sed
1637 2265 1685 2311 in

308 2343 402 2405 ipso
436 2336 632 2384 dictandi
663 2336 836 2382 exordio
871 2337 931 2381 ita
967 2336 1136 2381 animus
1172 2353 1290 2382 meus
1329 2335 1684 2381 Occidentalium

308 2408 635 2475 provinciarum
652 2443 663 2462 ,
701 2417 744 2452 et
776 2406 957 2452 maxime
986 2406 1107 2451 urbis
1134 2408 1289 2452 Romae
1315 2407 1553 2452 vastatione
1572 2423 1684 2451 con-

310 2481 431 2527 fusus
448 2488 528 2534 est,
546 2487 594 2522 ut
605 2481 728 2536 juxta
746 2475 922 2536 vulgare
934 2476 1218 2539 proverbium
1236 2496 1247 2530 ;
1263 2476 1492 2540 proprium
1509 2492 1684 2539 quoque

311 2551 555 2613 ignorarem
574 2545 844 2594 vocabulum
872 2563 883 2592 :
911 2545 1077 2610 diuque
1094 2545 1236 2603 tacui,
1257 2546 1392 2593 sciens
1410 2556 1580 2610 tempus
1598 2561 1684 2592 esse

357 2633 369 2656 ¹
385 2633 482 2665 Joan.
503 2639 534 2669 v,
550 2640 602 2668 17.
