1799 3251
543 263 754 300 EPISTOLA
788 265 949 301 cxt'vn.
1353 258 1440 308 125

76 356 98 381 »
121 351 238 384 nunc
257 336 335 382 filii
358 335 431 382 Dei
452 352 598 381 sumus
618 346 658 381 et
677 336 872 382 nondum
895 340 1100 401 apparuit
1118 341 1239 405 quod
1262 342 1434 391 erimus,

74 430 96 452 »
119 409 290 455 Scimus
315 408 417 471 quia
441 424 542 452 cum
567 408 840 470 apparuerit,
875 410 1031 456 similes
1054 412 1091 456 ei
1113 412 1298 467 erimus;
1326 430 1437 476 quo-

73 500 94 521 »
117 480 232 524 niam
251 477 496 525 videbimus
519 494 614 523 eum
638 477 763 523 sicuti
792 478 883 524 est1
904 498 913 524 :
939 502 958 522 »
979 499 1063 526 non
1088 483 1200 529 sicut
1223 500 1319 528 cum
1351 484 1439 529 ho·-

72 550 206 595 mincs
223 549 426 594 viderunt
445 586 454 604 ‚
476 548 653 611 quando
674 548 812 594 voluit
829 587 838 604 ‚
857 550 900 594 in
922 553 1161 615 specie‘qua
1181 553 1335 609 voluit,
1353 571 1440 598 non

71 620 116 665 in
130 629 282 664 natura
297 656 307 673 ‚
331 619 478 682 quain
498 621 723 681 semetipso
741 656 751 668 ,
775 620 902 665 etiam
918 638 1017 666 cum
1033 622 1264 679 videretur,
1282 624 1410 668 latuit
1427 642 1437 673 ;

70 688 143 735 sed
160 689 287 734 sicuti
310 700 394 744 est,
421 688 540 752 quod
566 689 620 734 ab
644 706 693 734 eo
724 690 972 752 petebatur,
1002 708 1100 737 cum
1127 693 1164 738 ei
1188 693 1402 739 diceretur
1424 712 1434 738 :

69 780 90 800 «
116 759 307 805 Ostende
330 759 438 804 mihi
461 759 760 822 temetipsum,
789 782 808 801 n
828 760 883 806 ab
915 778 964 806 eo
979 798 990 817 ,
1014 763 1089 826 qui
1111 780 1210 808 cum
1234 763 1307 808 illo
1330 763 1439 809 facie

70 827 123 875 ad
141 827 290 874 faciem
312 828 595 891 loquebatur.

133 901 254 947 XXI.
283 900 378 946 Non
400 901 502 964 quia
525 901 601 945 Dei
623 900 940 963 plenitudinem
965 903 1220 967 quisquam,
1250 923 1337 951 non
1369 923 1438 951 so-

69 970 161 1017 lum
180 970 314 1016 oculis
338 971 533 1034 corporis
550 1008 560 1026 ,
580 971 651 1016 sed
678 971 744 1016 vel
768 972 861 1035 ipsa
893 983 1034 1017 mente
1061 975 1296 1037 aliquando
1316 993 1441 1021 com-

70 1040 321 1105 prehendit.
361 1041 493 1088 Aliud
520 1052 582 1086 est
610 1041 721 1086 enim
760 1043 926 1096 videre,
969 1042 1085 1088 aliud
1111 1055 1172 1090 est
1208 1056 1347 1091 totum
1372 1047 1440 1092 vi-

72 1111 215 1157 dendo
241 1111 622 1175 comprehendere.
653 1111 1018 1175 Quandoquidem
1045 1113 1089 1158 id
1112 1112 1299 1161 videtur.
1322 1115 1441 1178 quod

71 1199 260 1246 praescns
276 1193 512 1246 utcumque
528 1182 710 1228 sentitur
733 1200 742 1227 :
773 1194 910 1228 totum
939 1178 1081 1228 autem
1102 1185 1443 1247 comprehcndi-

74 1262 145 1298 tur
163 1251 350 1298 videndo
366 1290 377 1308 ‚
398 1252 518 1316 quod
536 1253 596 1298 ita
613 1252 784 1298 videtur
800 1289 809 1307 ‚
830 1263 877 1298 ut
896 1252 1007 1297 nihil
1030 1258 1120 1312 ejus
1145 1254 1270 1300 lateat
1288 1255 1444 1301 viden—

76 1332 184 1378 tem,
218 1333 291 1367 aut
315 1326 438 1382 cujus
463 1323 566 1367 fines
587 1322 865 1385 circumspici
891 1334 1097 1384 possunt3
1125 1324 1238 1369 sicut
1263 1336 1301 1370 te
1333 1325 1444 1371 nihil

73 1393 176 1439 latet
198 1394 421 1456 praesentis
441 1393 675 1440 voluntatis
696 1405 782 1438 tuae
800 1430 810 1448 ‚
832 1393 1167 1457 circumspicere
1197 1407 1337 1441 autem
1359 1414 1443 1459 po-

75 1474 136 1509 tcs
163 1465 266 1510 fines
294 1465 408 1510 anuli
436 1465 509 1509 tui.
545 1463 738 1526 Exempli
773 1464 908 1523 gratia
947 1464 1036 1510 duo
1069 1467 1219 1528 posui,
1256 1484 1443 1530 quorum

77 1534 258 1580 alterum
279 1535 332 1580 ad
357 1536 509 1581 mentis
528 1535 729 1580 obtutum
748 1572 758 1591 ,
785 1534 966 1581 alterum
993 1535 1047 1581 acl
1067 1537 1313 1600 corporales
1338 1555 1447 1583 ocu-

76 1604 139 1650 los
155 1606 355 1669 pertinet.
389 1606 514 1651 Visus
542 1606 653 1650 enim
671 1642 680 1659 ,
707 1605 818 1650 sicut
842 1605 913 1651 ille
937 1606 1020 1660 ait,
1045 1606 1098 1652 ad
1125 1618 1357 1670 utrumque
1380 1625 1448 1653 re-

77 1673 276 1720 ferendus
295 1687 355 1721 est
371 1714 380 1728 ‚
409 1675 454 1721 id
473 1686 558 1731 est,
588 1685 629 1720 et
655 1674 707 1720 ad
731 1674 878 1720 oculos
893 1687 934 1720 et
959 1675 1013 1721 ad
1032 1688 1232 1723 mentem.

145 1746 290 1792 XXII.
322 1747 458 1791 Porro
483 1746 515 1790 si
541 1756 771 1808 propterea
793 1746 932 1790 Deum
951 1763 1075 1791 nemo
1100 1747 1210 1793 vidit
1229 1764 1418 1810 unquam
1439 1785 1448 1801 ‚

79 1815 206 1878 quia,
248 1817 360 1862 sicut
388 1816 446 1861 ait
479 1815 740 1878 disputator,
768 1819 894 1874 cujus
917 1816 1049 1861 verba
1089 1817 1410 1862 consideramus
1438 1836 1448 1861 t

88 1886 441 1947 [Plenitudinem
479 1886 727 1931 Divinitatis
761 1889 850 1944 ejus
883 1904 1007 1931 nemo
1044 1888 1287 1950 conspexit,
1325 1905 1449 1933 nemo

82 1966 223 2001 mente
243 1957 467 2002 autoculis
485 1955 845 2019 comprehcndit3
868 1955 977 2001 vidit
1001 1958 1114 2002 enim
1134 1957 1187 2002 ad
1220 1969 1453 2020 utrumque

83 2025 353 2073 referendum
370 2038 430 2072 est
450 2046 458 2071 :
478 2028 491 2089 ]
514 2037 642 2072 restat
658 2025 874 2088 inquirere
892 2025 1115 2088 quomodo
1138 2027 1288 2086 Angeli
1313 2029 1451 2073 Deum

83 2097 273 2154 videant,
296 2110 478 2162 propter
496 2097 603 2144 illud
626 2096 743 2160 quod
766 2113 812 2141 ex
837 2096 1068 2157 Evangelio
1084 2099 1417 2143 commemoravi
1442 2117 1451 2142 :

85 2189 104 2207 «
138 2169 280 2229 Angeli
318 2187 464 2215 corum
491 2187 657 2232 semper
682 2167 829 2212 vident
860 2166 1013 2212 suciem
1039 2169 1178 2213 Putris
1205 2170 1330 2215 mci2.
1363 2192 1381 2210 υ
1410 2171 1453 2213 si

84 2239 196 2284 enim
221 2250 261 2283 ct
292 2240 395 2302 ipsis
422 2257 507 2284 non
532 2238 657 2284 sictrtti
688 2249 775 2291 cst,
805 2237 877 2282 scd
911 2236 1069 2282 latente
1093 2256 1168 2283 sua
1194 2251 1346 2284 natura
1365 2276 1375 2293 ‚
1410 2240 1455 2283 in

85 2311 227 2373 specie
245 2327 332 2373 qua
359 2309 542 2355 voluerit
572 2318 782 2371 z1ppurct3
824 2308 958 2366 magis
990 2308 1209 2370 magisque
1232 2309 1456 2371 requiren-

88 2381 192 2426 dum
212 2391 273 2425 est
289 2417 299 2436 ,
323 2379 544 2443 quomodo
559 2396 655 2425 eum
677 2394 754 2423 nos
777 2377 1023 2423 videbimus
1041 2378 1169 2423 sicuti
1182 2389 1243 2423 cst
1260 2415 1269 2432 ‚
1292 2390 1331 2424 et
1347 2379 1458 2424 sicut

89 2455 260 2513 Moyses
284 2450 565 2505 desideravit,
595 2466 694 2495 cum
715 2459 877 2511 peteret
906 2459 954 2493 ut
989 2449 1100 2493 Deus
1122 2485 1132 2503 ,
1158 2449 1233 2511 qui
1259 2449 1301 2493 in
1322 2467 1453 2494 cons-

89 2533 219 2584 pectu
254 2525 344 2580 ejus
378 2532 489 2577 erat,
519 2520 762 2566 ostenderet
786 2519 846 2564 illi
882 2519 1172 2581 semetipsum.
1214 2520 1310 2565 Hoc
1343 2521 1455 2565 enim

139 2606 148 2628 ¹
170 2617 179 2635 ι
201 2606 294 2637 Joan.
313 2615 362 2642 m,
378 2615 408 2635 2.
428 2621 468 2627 -—-
488 2603 502 2627 ²
524 2603 638 2635 Manli.
658 2615 754 2641 mun,
779 2614 827 2636 ιο.
