1799 3251
310 271 403 329 526
717 283 751 317 s.
794 281 1041 321 Ansnsrim
1075 283 1280 319 Episcopi

310 372 441 420 spe
425 353 537 408 Nam
561 349 784 420 quomodo
812 361 873 401 est
907 367 1026 400 nunc
1062 369 1150 400 non
1172 350 1344 399 habens
1370 346 1586 399 maculam
1611 358 1688 417 aut

310 443 464 487 rugam
498 435 572 478 aut
613 422 780 487 aliquid
816 423 1055 483 ejusmodi,
1099 441 1199 488 quae
1234 422 1333 469 vel
1322 440 1368 469 m
1401 424 1605 470 omnibus
1629 423 1686 470 ad

312 515 407 545 eam
441 495 759 560 pertinentibus
790 493 1071 552 hominibus,
1110 495 1187 557 qui
1217 497 1306 554 jam
1343 495 1508 540 ratione
1535 494 1689 553 mentis

313 578 500 620 utuntur
521 576 564 617 et
589 564 826 615 voluntatis
848 564 1031 621 arbitrio
1046 601 1057 618 ,
1089 564 1369 627 mortalisque
1393 565 1534 610 carnis
1552 549 1688 610 sarci-

314 656 416 690 nam
450 647 656 701 portant,
683 630 757 685 ⁷vel
789 645 902 680 certe
935 635 1056 698 quod
1093 635 1221 681 etiam
1259 635 1376 698 ipsos
1403 635 1691 693 contentiosos

317 724 485 762 necesse
502 717 566 758 est
584 705 706 756 fateri
724 742 735 762 ,
758 706 804 754 in
822 705 969 753 multis
985 706 1071 751 suis
1089 705 1296 751 membris
1318 706 1526 751 veraciter
1548 704 1657 751 dicit
1677 721 1688 748 ε

315 800 336 822 «
359 778 541 829 Dimitte
569 776 696 825 nobis
717 775 866 822 debita
889 779 1064 821 nostra?
1086 797 1107 818 η

379 842 545 898 xxlxss
577 848 690 896 Cum
718 847 863 909 itaque
882 847 1158 909 proficientes
1181 846 1225 892 in
1242 846 1405 909 quibus
1427 846 1689 893 mortalibus

316 919 517 974 habitat,
542 918 648 964 dum
673 917 726 964 de
758 917 828 963 die
859 919 904 963 in
925 917 1040 963 diem
1061 928 1352 970 renovantur3
1379 917 1514 977 magis
1532 918 1694 978 magis·-

317 1006 402 1053 que
421 989 655 1051 justificet,
681 987 881 1034 exaudiat
907 999 1080 1033 orantes
1097 1025 1108 1044 ,
1137 987 1318 1033 mundet
1343 989 1600 1045 confitentes
1615 1025 1625 1043 ‚
1649 999 1697 1034 ut

318 1059 518 1108 exhibeat
537 1056 844 1120 sibitemplum
862 1058 1195 1104 immaculatum
1213 1058 1258 1103 in
1279 1068 1487 1104 aeternum
1509 1078 1519 1111 3
1544 1057 1699 1104 merito

318 1130 482 1177 dicitur
500 1146 587 1175 non
607 1129 807 1174 habitare
826 1129 872 1174 in
895 1129 976 1185 eis,
997 1129 1074 1192 qui
1095 1140 1398 1189 cognoscentes
1424 1131 1562 1175 Deum
1577 1166 1587 1185 ‚
1610 1147 1698 1175 non

321 1201 434 1247 sicut
474 1201 615 1246 Deum
647 1200 1023 1259 glorificaverunt,
1053 1200 1121 1247 vel
1156 1200 1313 1260 gratias
1346 1199 1575 1259 egerunt&
1606 1201 1699 1256 Co,-

318 1270 448 1316 lendo
469 1271 584 1316 enim
605 1280 646 1315 et
664 1269 888 1324 serviendo
916 1281 1126 1316 creaturae
1149 1270 1296 1333 potius
1313 1287 1446 1333 quam
1473 1271 1695 1326 Creatori,

319 1357 408 1386 non
428 1341 555 1386 unius
576 1341 666 1386 veri
691 1341 770 1385 Dei
795 1339 1007 1402 templum
1031 1358 1072 1386 se
1094 1357 1180 1386 esse
1203 1340 1447 1394 voluerunt.
1475 1345 1617 1404 Atque
1641 1341 1701 1386 ita

321 1409 428 1456 dum
444 1410 601 1457 volunt
623 1427 721 1470 eum
751 1410 916 1455 habere
942 1428 1042 1457 cum
1069 1410 1240 1467 multis,
1269 1409 1437 1456 facilius
1465 1412 1700 1459 effecerunt

321 1492 372 1527 ut
395 1499 494 1527 eum
514 1499 601 1528 non
630 1482 845 1527 haberent
861 1518 872 1537 ,
899 1499 1031 1544 quam
1057 1493 1105 1527 ut
1131 1482 1212 1527 diis
1236 1481 1383 1527 multis
1408 1481 1577 1527 falsisve
1598 1482 1704 1527 mis-

322 1564 484 1600 cerent.
510 1555 564 1598 Et
586 1554 738 1599 merito
759 1553 924 1605 dicitur
940 1554 1139 1599 habitare
1155 1553 1296 1608 ineis,
1329 1570 1439 1615 quos
1460 1546 1701 1598 secundum

322 1624 596 1687 propositum
624 1634 823 1679 vocatos,
856 1624 1165 1683 justificandos
1193 1623 1588 1687 glorificandosque
1612 1640 1704 1668 sus·

323 1696 467 1758 cepit,
496 1695 624 1740 etiam
665 1705 895 1757 antequam
921 1695 1226 1758 incorpoream
1246 1731 1257 1750 ,
1284 1711 1383 1757 quae
1414 1694 1578 1760 ubique
1611 1704 1702 1740 tota

325 1776 411 1822 est,
437 1766 611 1812 valeant
633 1769 724 1825 ejus
747 1782 869 1810 nosse
887 1776 1089 1811 naturam
1109 1802 1119 1821 ,
1139 1775 1353 1828 quantum
1374 1765 1493 1810 nosci
1507 1760 1554 1810 ex
1577 1776 1703 1828 parte

323 1853 401 1899 per
420 1836 647 1899 speculum
664 1847 706 1881 et
719 1836 763 1881 in
778 1837 1008 1896 aenigmate
1027 1837 1082 1881 ab
1101 1836 1279 1888 homine
1296 1836 1341 1881 in
1361 1836 1447 1881 hac
1467 1836 1555 1881 vita
1572 1872 1582 1892 ‚
1603 1852 1706 1889 cum

326 1907 570 1970 plurimum
591 1906 852 1970 profecerit,
880 1901 1178 1970 potestſjSunt
1200 1907 1311 1952 enim
1331 1944 1341 1962 ‚
1370 1907 1416 1957 in
1440 1907 1601 1970 quibus
1620 1906 1707 1971 ha-

329 1978 468 2033 lauat,
498 1977 626 2022 multi
647 1977 749 2022 tales
765 2014 775 2034 ,
800 1977 1008 2040 qualibus
1031 1977 1139 2023 dicit
1164 1978 1397 2041 Apostolus
1425 1995 1435 2022 ε
1465 1999 1485 2018 «
1505 1978 1602 2042 Non
1624 1994 1708 2040 po-

330 2069 351 2091 »
376 2048 440 2093 tui
461 2048 585 2093 vobis
604 2047 725 2110 loqui
745 2048 866 2106 quasi
885 2048 1154 2111 spiritalibus
1173 2085 1183 2102 ‚
1205 2047 1278 2093 sed
1300 2048 1422 2110 quasi
1440 2047 1705 2103 carnalibus,

330 2140 350 2160 »
375 2128 582 2181 tanquam
619 2116 812 2179 parvulis
850 2117 893 2162 in
928 2117 1126 2173 Christo,
1155 2118 1222 2164 lac
1256 2119 1382 2163 vobis
1416 2129 1567 2180 potum
1604 2117 1710 2164 dedi

333 2205 465 2233 »non
491 2204 663 2232 escam:
691 2187 888 2233 nondum
920 2189 1035 2233 enim
1065 2189 1293 2266 poteratis,
1337 2188 1409 2234 sed
1448 2206 1527 2234 nec
1562 2188 1710 2235 adhuc

332 2281 353 2302 »
375 2258 551 2336 quidem
560 2258 791 2335 tpotestis2.
815 2280 833 2299 »
852 2258 929 2303 His
945 2259 1113 2336 quippe
1131 2259 1259 2304 etiam
1282 2259 1393 2304 illud
1408 2258 1541 2304 dicit:
1565 2280 1584 2299 «
1601 2252 1710 2304 Nes-

335 2352 355 2372 »
379 2329 475 2374 citis
493 2329 595 2391 quia
618 2328 829 2390 templum
857 2330 936 2374 Dei
958 2330 1083 2385 estis,
1102 2340 1143 2374 et
1160 2330 1349 2393 Spiritus
1374 2330 1452 2374 Dei
1477 2330 1676 2375 habitat
1665 2347 1711 2375 m

335 2421 356 2442 >³
379 2399 570 2449 vobis-33³
592 2399 722 2443 »Hos
749 2398 849 2444 tales
876 2399 911 2444 si
946 2400 1074 2447 etiam
1108 2410 1340 2462 antequam
1371 2400 1625 2463 perveniant
1656 2397 1711 2445 ad

333 2470 570 2535 spiritalem
593 2470 748 2515 mentis
771 2481 968 2526 aetatem,
995 2472 1072 2516 ubi
1088 2489 1175 2516 non
1195 2471 1306 2517 lacte
1326 2472 1517 2527 alantur
1541 2470 1613 2516 sed
1640 2487 1711 2516 so-

334 2541 425 2589 lido
446 2541 571 2597 cibo,
600 2540 690 2590 dies
724 2540 825 2590 vitae
850 2541 983 2601 hujus
1006 2552 1217 2590 extremus
1241 2541 1478 2600 invenerit,
1511 2540 1713 2605 perficiet

383 2627 394 2648 ¹
411 2628 506 2659 Rom.
524 2636 555 2668 1,
572 2622 710 2657 21.—2
732 2636 745 2655 ι
763 2625 841 2658 Cor.
859 2635 909 2664 ιιι,
931 2635 960 2665 1,
979 2636 1012 2660 2.
1030 2622 1234 2670 -31d.v1‚
1260 2636 1313 2668 19.
