1799 3251
377 282 435 325 38
794 298 828 325 s.
874 298 1117 328 accusativi
1154 297 1356 327 emscom

375 361 452 413 sia,
471 373 600 423 quam
621 360 727 406 ‘dicit
743 362 868 406 etiam
887 361 1058 408 unicam
1079 378 1213 408 suam.
1238 381 1258 403 «
1277 361 1347 406 Tu
1368 368 1511 407 autem
1539 359 1740 421 Domine,

379 453 399 472 >2
423 431 562 496 inquit
580 466 590 486 ‚
619 449 671 477 ne
691 431 814 490 longe
842 431 972 477 facias
1004 432 1206 478 auxilium
1230 431 1404 488 tuum1,
1427 453 1448 474 ›>
1465 432 1552 479 hoc
1577 432 1630 478 ad
1655 435 1745 492 ejus

375 518 546 547 carnem
576 502 789 564 pertinet3
823 505 949 561 cujus
980 502 1234 547 resurrectio
1261 518 1347 546 non
1383 502 1427 547 in
1469 502 1647 562 longum
1683 511 1745 548 es't

375 571 524 625 missa,
553 582 599 615 ut
626 571 821 617 aliorum.
852 592 871 612 «
892 572 943 615 lu
966 571 1252 617 defensionem
1287 588 1423 616 meam
1451 572 1594 635 aspice
1616 589 1627 617 z
1651 594 1670 613 ι)
1691 581 1744 617 ne

375 641 482 703 quid
507 651 688 686 noceant
719 640 905 697 inimici,
934 641 1008 703 qui
1033 642 1115 686 sibi
1136 640 1337 686 videntur
1363 641 1527 705 aliquid
1556 641 1745 704 potuisse

373 727 543 756 carnem
570 710 822 773 perimendo
846 710 1084 758 mortalem.
1111 711 1209 756 Non
1234 721 1375 756 autem
1397 721 1555 757 nocent
1572 748 1583 767 ‚
1611 711 1645 757 si
1670 710 1744 757 de-

371 779 572 826 fendente
596 782 729 840 gratia
752 781 858 835 Dei,
889 798 977 826 non
1000 781 1058 826 eis
1090 780 1143 826 ad
1169 781 1333 826 malum
1367 781 1508 828 anima
1542 791 1743 845 superata

374 851 624 897 consentiat.
669 851 741 897 Sic
769 851 883 896 enim
909 862 949 896 et
973 851 1079 897 alibi
1111 852 1424 916 prophetatum
1457 862 1519 897 est
1539 872 1550 905 ;
1573 874 1592 893 α
1612 850 1742 899 Terra

377 941 398 960 >2
419 920 576 965 tradita
600 931 660 989 est
682 921 725 966 in
751 938 903 966 manus
920 921 1073 985 impii,
1096 942 1116 963 >>
1141 922 1227 968 hoc
1252 932 1314 968 est
1334 939 1435 968 caro
1460 932 1639 969 terrena

437 992 553 1037 XLI.
579 1012 597 1032 «
614 992 767 1037 Eruea
785 991 946 1037 framea
973 994 1158 1038 animam
1184 1011 1320 1038 meam
1336 993 1369 1039 2.
1393 1014 1412 1034 n
1455 994 1631 1038 Framea
1655 992 1743 1053 gla-

366 1061 464 1106 dius
490 1073 579 1115 est3
612 1079 688 1107 nec
722 1062 871 1125 utique
900 1062 974 1107 tali
1003 1062 1115 1108 ferro
1145 1064 1342 1109 christus
1369 1063 1536 1110 occisus
1565 1073 1644 1119 est,
1665 1062 1740 1109 sed

373 1148 531 1184 cruce;
559 1149 638 1177 nec
658 1131 769 1177 latus
806 1136 895 1192 ejus
923 1132 1097 1193 gladio,
1127 1134 1199 1179 sed
1232 1135 1381 1180 lancea
1417 1145 1736 1197 percusserunt.

372 1202 597 1247 Translate
616 1219 715 1262 ergo
734 1203 869 1248 verbo
889 1239 899 1257 ‚
921 1203 1128 1249 frameam
1154 1202 1345 1264 linguam
1365 1204 1472 1249 dixit
1489 1217 1747 1267 persequen-

370 1272 500 1327 tium,
535 1272 646 1318 sicut
681 1273 725 1318 in
753 1273 835 1319 alio
875 1273 1047 1320 Psalmo
1077 1274 1256 1331 dicitur,
1287 1276 1379 1320 «Et
1413 1274 1563 1334 lingua
1598 1291 1746 1320 eorum

376 1364 395 1385 »
415 1342 583 1403 gladius
604 1354 754 1389 acutus
773 1343 804 1390 3¹.
834 1366 853 1385 n
872 1344 1000 1390 Unde
1021 1347 1123 1408 quia
1142 1345 1184 1390 in
1204 1347 1296 1407 ejus
1319 1362 1447 1391 carne
1466 1345 1613 1405 lingua
1628 1354 1749 1408 prae-

377 1412 515 1458 valuit
534 1414 823 1474 malignorum
844 1452 854 1470 ,
883 1427 979 1461 orat
1003 1427 1049 1461 ut
1071 1415 1225 1461 animae
1246 1415 1358 1461 nihil
1376 1427 1541 1472 noceat,
1562 1433 1663 1461 cum
1682 1415 1748 1461 di-

376 1485 460 1529 cit:
485 1504 503 1524 α
520 1484 672 1530 Eruea
692 1484 852 1530 framea
873 1486 1062 1531 animam
1082 1503 1220 1531 meam
1243 1503 1253 1530 ε
1277 1507 1297 1527 ι)
1312 1497 1358 1531 ut
1375 1485 1474 1532 haec
1493 1486 1535 1531 in
1557 1486 1751 1550 prophe-

376 1553 432 1598 tia
463 1554 623 1609 oratio,
660 1555 693 1600 si
721 1554 775 1600 ad
807 1566 941 1618 caput
976 1556 1170 1618 corporis
1213 1556 1396 1611 referas,
1432 1573 1520 1601 non
1554 1556 1752 1603 videatur

379 1624 498 1670 velut
535 1625 766 1684 indigentis
798 1627 977 1688 petitio,
1007 1628 1075 1673 sed
1113 1628 1260 1690 potius
1288 1628 1348 1672 rei
1376 1627 1536 1673 futurae
1570 1628 1753 1688 figurata

377 1694 625 1758 praedictiO.
653 1697 739 1741 Aut
755 1708 885 1752 certe,
913 1698 1015 1760 quia
1037 1715 1196 1761 corpus
1219 1702 1326 1758 ejus,
1347 1698 1433 1743 hoc
1457 1708 1519 1743 est
1543 1698 1750 1754 Ecclesia,

377 1782 526 1825 graves
552 1768 870 1829 persecutiones
900 1767 1040 1813 fuerat
1072 1785 1350 1831 perpessura,
1377 1768 1582 1813 frameam
1615 1768 1751 1824 dixit,

380 1852 464 1898 qua
496 1836 677 1881 maxime
711 1837 916 1883 trucidati
941 1848 1041 1883 sunt
1071 1840 1281 1900 Martyres
1300 1875 1311 1894 ,
1352 1837 1468 1883 unde
1491 1837 1586 1883 vult
1608 1854 1756 1884 eorum

383 1907 545 1952 animas
567 1907 686 1963 erui,
710 1926 761 1953 ne
790 1909 967 1954 timeant
1002 1926 1070 1954 eos
1101 1909 1177 1972 qui
1209 1926 1369 1973 corpus
1397 1909 1635 1965 occidunt,
1668 1909 1758 1955 ani-

386 1994 498 2022 mam
520 1988 659 2024 autem
677 1979 874 2024 occidere
894 1996 980 2024 non
998 1991 1181 2043 possunt
1199 2017 1208 2035 ‚
1229 1991 1270 2025 et
1295 1980 1566 2025 consentiant
1590 1979 1646 2025 ad
1669 1979 1759 2026 illi-

383 2047 482 2094 cita.
522 2050 607 2094 Aut
638 2049 767 2095 etiam
785 2050 831 2095 in
851 2051 1043 2113 ipsorum
1070 2051 1342 2113 passionibus
1369 2051 1649 2096 inimicorum
1673 2050 1760 2096 lin-

388 2133 517 2176 guam
560 2117 769 2164 frameam
812 2119 919 2165 dicit
950 2157 960 2176 ‚
997 2120 1112 2166 unde
1158 2121 1347 2166 animam
1390 2137 1511 2166 suam
1528 2156 1540 2176 ‚
1579 2120 1665 2166 hoc
1700 2132 1761 2167 est

391 2186 579 2233 animam
614 2189 806 2252 corporis
841 2191 935 2247 sui,
970 2190 1155 2236 animam
1191 2201 1438 2236 sanctorum
1467 2206 1646 2236 suorum
1668 2190 1761 2238 vult

396 2273 503 2302 erui.

456 2327 596 2373 XLII.
642 2328 772 2385 Quod
791 2339 933 2375 autem
952 2332 1163 2394 sequitur,
1188 2352 1208 2371 α
1226 2332 1282 2376 Et
1300 2331 1352 2376 de
1375 2348 1507 2377 manu
1533 2332 1651 2378 canis
1669 2333 1764 2378 uni-

391 2417 410 2436 »
433 2413 527 2441 cam
544 2414 680 2443 meam
699 2435 709 2453 ‚
730 2420 748 2439 ›)
767 2400 877 2446 nihil
899 2402 1039 2464 aptius
1053 2419 1185 2465 quam
1206 2405 1335 2447 unica
1358 2402 1548 2447 Ecclesia
1566 2403 1758 2449 mihivi-

384 2464 512 2511 detur
547 2467 742 2527 intelligi.
783 2473 949 2516 Canem
982 2488 1082 2517 vero
1119 2471 1358 2535 appellavit
1388 2472 1639 2532 mundum,
1678 2491 1765 2521 non

438 2569 545 2602 ιΡςᾶΙ.
565 2583 630 2610 xx1,
648 2584 699 2604 20.
715 2592 759 2597 —
781 2574 796 2597 ²
815 2576 975 2612 ibid.21.
991 2584 1034 2601 -'-
1048 2575 1124 2612 81d‚
1142 2590 1210 2619 tw,
1230 2580 1262 2612 5.
