1799 3251
337 312 419 358 172
739 308 773 339 S.
816 308 1061 340 AUGUSTINI
1095 309 1299 341 EPISCOPI

327 376 458 421 Miras
487 374 664 420 omnino
686 371 813 429 fecit,
844 375 945 437 quia
967 391 1037 420 eos
1058 392 1104 420 ex
1127 374 1422 438 desperatione
1443 377 1697 424 mirabiliter

332 445 549 491 liberavit.

384 517 483 561 VII.
532 516 593 560 Ex
630 513 714 559 hac
752 513 1038 560 admiratione
1076 515 1286 562 exclamat
1326 517 1558 579 Apostolus
1577 554 1587 572 ,
1617 539 1637 560 «
1657 523 1697 564 O

325 608 344 627 »
370 584 554 631 altitudo
577 584 828 630 divitiarum
851 585 1071 647 sapientiae
1092 597 1132 631 ct
1151 586 1341 631 scientiae
1358 586 1493 645 Deis!
1515 609 1535 629 ›>
1551 588 1694 651 Supra

323 655 490 717 quippe
513 654 699 709 dixerat,
737 675 756 694 «
777 655 998 700 Conclusit
1024 656 1138 700 enim
1167 656 1279 700 Deus
1301 672 1449 701 omnes
1472 656 1517 702 in
1536 658 1696 703 infide-

324 747 343 764 »
368 724 487 769 litate
505 724 552 780 2;
585 734 632 769 ut
663 725 858 768 omnium
891 725 1154 771 misereatur.
1182 747 1200 766 >2
1237 726 1347 770 Nam
1367 726 1454 772 hoc
1473 727 1602 772 etiam
1620 728 1696 774 hie

322 794 517 856 sequitui·
536 830 545 844 ,
575 814 595 834 «
614 792 923 856 Multiplicatae
949 794 1333 840 suntinfirmitates
1359 813 1525 853 eorum,
1550 809 1698 860 postea

324 884 345 903 »
367 863 717 908 acceleraverunt
732 862 763 909 3.
799 885 818 903 ›>
855 864 1131 909 Infirmitates
1167 865 1313 926 posuit
1354 882 1435 928 pro
1472 867 1665 928 peccatis
1682 903 1692 922 ‚

323 933 433 979 sicut
466 934 520 979 ad
546 935 765 978 Romanos
790 934 1023 996 Apostolus
1048 933 1181 990 dicit,
1217 935 1297 980 «Si
1320 936 1433 981 enim
1465 936 1664 982 Christus
1683 973 1694 991 ‚

324 1025 344 1044 »
365 1021 467 1049 cum
495 1004 659 1049 infirmi
689 1021 871 1049 essemus
910 1004 1057 1050 adhuc
1084 1009 1205 1064 Juxta
1242 1016 1412 1068 tempus
1440 1024 1521 1069 pro
1551 1007 1698 1069 impiis

322 1084 552 1119 »mortuus
575 1072 665 1119 est³
686 1091 696 1118 ε
730 1094 748 1114 ›>
776 1074 852 1119 lios
870 1073 975 1119 dixit
999 1074 1194 1120 infirmos
1217 1092 1324 1138 quos
1340 1076 1510 1138 impios.
1533 1077 1700 1123 Deinde

323 1145 454 1206 paulo
467 1155 565 1207 post
581 1144 777 1190 eamdem
799 1146 1053 1190 sententiam
1076 1157 1297 1209 repetens,
1326 1168 1346 1187 α
1370 1146 1658 1193 Commendat
1680 1185 1692 1204 ‚

322 1235 342 1254 ³>
364 1215 505 1277 inquit
523 1252 532 1270 ,
563 1232 684 1261 suam
707 1215 966 1260 charitatem
990 1216 1101 1261 Deus
1117 1217 1162 1261 in
1181 1217 1330 1272 nobis,
1361 1217 1566 1279 quoniam
1587 1234 1688 1273 cum

321 1304 340 1324 n
360 1283 505 1330 adhuc
533 1295 779 1347 peccatores
797 1301 981 1331 essemus
996 1322 1006 1341 ,
1030 1286 1232 1331 Christus
1246 1303 1326 1349 pro
1347 1287 1476 1332 nobis
1499 1298 1696 1333 mortuus

320 1375 339 1395 υ
359 1354 492 1400 est5.»
507 1355 627 1411 Quos
643 1355 838 1400 infirmos
858 1372 988 1418 supra
1003 1393 1012 1410 ‚
1036 1372 1105 1401 eos
1128 1356 1204 1401 hic
1228 1366 1475 1418 peccatores
1494 1356 1693 1420 appella-

320 1424 395 1470 vit.
438 1425 545 1470 Item
581 1425 626 1470 in
661 1425 1026 1488 consequentibus
1050 1425 1137 1470 hoc
1166 1425 1279 1470 idem
1314 1425 1405 1470 aliis
1427 1426 1573 1470 verbis
1594 1442 1695 1471 ver-

318 1512 412 1539 sans
431 1530 441 1551 ,
470 1515 489 1535 α
509 1495 554 1540 Si
577 1495 691 1540 enim
711 1512 812 1540 cum
833 1495 1000 1540 inimici
1018 1512 1202 1540 essemus
1217 1533 1228 1551 ,
1250 1495 1409 1557 inquit,
1424 1495 1695 1541 reconciliati

320 1585 339 1604 »
362 1581 508 1610 sumus
532 1565 622 1609 Deo
651 1582 727 1627 per
756 1576 939 1610 mortem
977 1564 1071 1610 Filii
1098 1569 1201 1625 ejus.
1222 1586 1240 1605 ›>
1271 1567 1333 1610 Ac
1355 1582 1433 1627 per
1463 1565 1551 1611 hoc
1576 1565 1621 1610 in
1640 1582 1690 1610 eo

311 1634 430 1696 quod
446 1634 613 1680 dictum
627 1644 702 1690 est,
715 1635 1054 1698 «Multiplicatae
1080 1646 1181 1680 sunt
1200 1635 1471 1680 infirmitates
1494 1651 1693 1690 eorum,»

314 1703 615 1763 intelliguntur
633 1704 923 1767 multiplicata
947 1716 1125 1767 peccata
1149 1721 1312 1750 eorum.
1338 1705 1422 1749 Lex
1441 1705 1556 1749 enim
1577 1705 1685 1749 sub-

318 1773 523 1828 intravit,
554 1784 603 1819 ut
645 1774 889 1819 abundaret
925 1774 1147 1819 delictum.
1190 1795 1210 1814 c<
1231 1773 1314 1819 Sed
1360 1774 1569 1836 quoniam
1614 1773 1691 1819 ubi

317 1843 597 1889 »abundavit
635 1843 867 1899 delictum,
907 1844 1280 1907 superabundavit
1315 1843 1482 1903 gratiass
1503 1880 1513 1898 ,
1536 1865 1556 1884 »
1592 1843 1690 1888 ideo

315 1924 462 1975 postea
488 1913 846 1960 acceleraverunt.
875 1936 894 1954 «
919 1916 1017 1959 ‘Non
1041 1915 1155 1960 enim
1182 1915 1298 1959 venit
1318 1913 1388 1958 ille
1418 1930 1573 1959 vocare
1590 1916 1688 1973 jus-

315 2006 333 2023 »
357 1995 435 2037 tos,
460 1984 531 2029 sed
559 1995 808 2047 peccatores
831 2003 840 2028 :
870 1985 969 2047 quia
990 2002 1075 2029 non
1103 1995 1164 2029 est
1190 2001 1302 2046 opus
1328 1983 1440 2028 sanis
1463 1983 1654 2029 medicus
1672 2020 1683 2039 ,

314 2076 333 2091 n
354 2053 425 2098 sed
450 2054 786 2113 aegrotantibus⁷
802 2073 810 2109 3
828 2076 844 2094 υ
867 2071 1052 2116 quorum
1077 2054 1240 2099 scilicet
1258 2052 1567 2115 multiplicatae
1586 2063 1687 2098 sunt

311 2124 582 2169 infirmitates
602 2160 612 2177 ,
649 2134 695 2168 ut
722 2126 778 2168 eis
810 2123 1010 2168 sanandis
1036 2134 1144 2168 esset
1174 2122 1407 2169 necessaria
1438 2133 1570 2167 tantae
1591 2139 1684 2182 gra-

312 2194 382 2239 tiae
405 2192 619 2238 medicina
633 2230 643 2248 ‚
668 2204 710 2237 et
728 2193 797 2238 cui
817 2193 1100 2238 dimittuntur
1116 2202 1294 2255 peccata
1314 2191 1463 2247 multa,
1490 2191 1685 2251 diligeret

315 2263 516 2308 multum.
1125 2320 1129 2323 ι

375 2333 497 2379 VIII.
530 2333 625 2379 Hoc
649 2333 755 2378 cinis
776 2350 922 2378 vaccae
947 2344 987 2378 et
1006 2334 1191 2394 aspersio
1214 2332 1446 2392 sanguinis,
1462 2342 1504 2376 et
1523 2348 1684 2377 cruen-

310 2411 452 2446 tarum
476 2401 782 2465 multiplicatio
802 2403 1081 2448 victimarum
1105 2402 1396 2462 significabat,
1422 2418 1509 2446 non
1528 2399 1682 2446 efficie-

309 2471 398 2516 bat.
422 2472 524 2517 Ideo
543 2472 747 2535 deinceps
770 2472 877 2518 dicit
896 2509 905 2527 ,
924 2494 944 2513 α
962 2473 1058 2518 Non
1080 2473 1351 2532 congregabo
1374 2469 1683 2517 conventicula

358 2566 365 2587 ¹
398 2569 488 2597 Rom.
518 2578 564 2601 n,
594 2568 646 2598 33.
674 2584 719 2591 —
749 2565 863 2598 ²1bid.
885 2569 937 2599 32.
965 2585 1004 2590 --
1034 2564 1048 2587 ³
1073 2564 1153 2598 Psal.
1181 2577 1237 2606 xv,
1270 2572 1298 2602 J..
1332 2584 1371 2589 —
1395 2563 1409 2588 ⁴
1429 2567 1520 2597 Rom.
1541 2575 1571 2607 v,
1590 2565 1681 2594 6.-

306 2621 316 2642 3
339 2622 420 2653 ibid.
443 2625 473 2654 8.
496 2619 667 2656 —51bid.
690 2634 742 2656 20.
765 2640 806 2647 ——
827 2620 840 2644 ⁷
857 2621 974 2655 Matth.
994 2632 1038 2659 ix,
1062 2623 1110 2652 13.
