1799 3251
347 262 439 307 238
777 276 813 306 s·
854 276 1097 309 Aucusrrm
1133 278 1334 312 EPISCOPI

346 341 448 404 quia
471 340 518 387 id
542 338 661 404 quod
676 356 874 400 suggero,
890 345 980 401 jam
1009 343 1134 390 facile
1155 345 1341 390 arbitror
1363 361 1449 391 esse
1475 345 1619 392 animo
1641 355 1717 392 tuo

346 422 414 457 tot
439 411 597 456 divinis
621 411 874 457 muneribus
891 412 1203 459 adminiculato
1222 425 1264 459 et
1286 415 1516 462 instructo.

411 484 514 529 XII.
544 482 589 527 Si
606 482 719 527 enim
741 483 919 529 virtutes
948 501 1054 546 quas
1081 485 1286 548 accepisti
1308 523 1318 541 ‚
1346 504 1368 532 a
1388 503 1474 549 quo
1504 487 1720 550 acceperis

347 554 553 608 sentiens,
581 552 706 615 eique
732 553 887 611 gratias
907 570 1050 613 agens,
1073 572 1141 599 eas
1161 555 1215 599 ad
1239 555 1374 617 ipsius
1399 556 1568 601 cultum
1591 557 1722 602 etiam

347 626 390 668 in
411 622 492 668 tuis
511 622 601 667 istis
623 621 906 668 saecularibus
927 624 1168 670 honoribus
1193 625 1388 670 conseras
1403 663 1415 682 ‚
1445 637 1621 689 tuaeque
1644 643 1722 689 po-

348 694 489 739 testati
512 692 708 738 subditos
730 692 927 739 homines
953 695 1005 740 ad
1031 713 1128 741 eum
1157 696 1389 741 colendum
1416 696 1610 760 exemplo
1635 708 1723 742 tuae

352 765 562 825 religiosae
588 764 690 810 ritae
708 800 719 819 ,
747 775 789 809 et
818 765 913 826 ipso
938 766 1083 811 studio
1117 766 1404 823 consulendi,
1430 784 1502 813 seu
1537 766 1723 813 fovendo

351 853 424 882 seu
458 834 659 881 terrendo
688 834 824 895 erigas
849 847 889 880 et
919 836 1110 882 adducas
1140 856 1150 882 ε
1183 837 1381 900 nihilque
1411 837 1528 884 aliud
1562 838 1607 883 in
1640 855 1688 883 eo
1710 874 1721 894 ‚

349 905 469 970 quod
494 923 572 968 per
606 916 644 950 te
680 907 871 951 securius
907 906 1088 962 vivunt,
1117 907 1247 964 velis,
1282 908 1363 953 nisi
1391 918 1439 953 ut
1472 908 1578 953 hinc
1601 907 1725 958 illum

350 986 709 1039 promereantur,
747 975 867 1038 apud
890 993 1021 1039 quem
1056 977 1183 1023 beate
1216 978 1393 1031 τίκ-(31ης
1428 988 1468 1023 et
1504 993 1617 1024 verae
1639 977 1727 1022 illae

351 1047 531 1093 virtutes
554 1056 681 1091 erunt
698 1082 708 1101 ,
732 1056 772 1091 et
792 1045 906 1092 illius
927 1047 1217 1109 opitulatione
1241 1084 1249 1104 ‚
1279 1052 1403 1108 cujus
1427 1048 1624 1108 largitate
1642 1047 1728 1092 do-

351 1129 466 1164 natae
485 1128 615 1174 sunt,
640 1118 699 1162 ita
729 1128 921 1162 crescent
951 1129 992 1163 et
1018 1120 1302 1182 perficientur
1320 1157 1330 1174 ,
1367 1129 1414 1165 ut
1444 1129 1484 1164 te
1509 1119 1562 1165 ad
1594 1118 1729 1164 vitam

352 1206 450 1234 vere
467 1188 661 1239 beataum
684 1204 784 1250 quae
807 1205 896 1233 non
915 1188 997 1234 nisi
1017 1199 1180 1234 aeterna
1200 1200 1291 1245 est,
1323 1190 1412 1235 sine
1435 1188 1523 1235 ulla
1547 1188 1729 1234 dubita-

355 1260 471 1305 tione
494 1257 742 1322 perducant
766 1276 777 1304 :
805 1259 882 1304 ubi
901 1262 993 1319 jam
1018 1277 1099 1305 nec
1119 1259 1359 1323 prudenter
1380 1259 1683 1306 discernantur
1706 1277 1732 1306 a

353 1330 480 1376 bonis
500 1329 633 1383 mala,
655 1345 755 1394 quae
779 1346 866 1374 non
895 1341 1054 1384 erunt3
1087 1347 1166 1376 nec
1197 1330 1366 1377 fortiter
1391 1330 1626 1377 tolerentur
1649 1330 1731 1376 ad-

357 1418 499 1457 versa,
533 1400 637 1463 quia
666 1416 754 1444 11011
780 1399 844 1444 ibi
874 1400 954 1445 crit
986 1401 1066 1446 nisi
1095 1400 1217 1464 quod
1239 1418 1429 1447 amemus
1448 1438 1458 1455 ,
1497 1418 1585 1447 non
1604 1400 1733 1446 etiam

356 1470 477 1534 quod
501 1470 757 1525 toleremus;
799 1487 878 1515 nec
910 1481 1201 1533 temperanter
1235 1471 1375 1516 libido
1404 1471 1627 1524 frenetur,
1656 1469 1735 1516 uhi

355 1542 476 1587 nulla
502 1545 592 1601 ejus
614 1540 897 1586 incitamenta
923 1542 1182 1595 sentiemus3
1208 1558 1287 1586 nec
1306 1545 1421 1601 juste
1452 1541 1734 1587 subveniatur

357 1630 440 1676 ope
463 1611 776 1671 indigentibus,
808 1611 884 1656 ubi
908 1611 1082 1674 inopem
1112 1624 1241 1675 atque
1264 1611 1462 1672 indigum
1487 1629 1576 1657 non
1599 1611 1732 1657 habe·

358 1684 519 1729 bimus.
551 1682 648 1727 Una
671 1681 736 1726 ibi
758 1681 896 1726 virtus
922 1682 1028 1735 erit,
1061 1693 1100 1727 et
1127 1682 1318 1745 idipsum
1343 1683 1424 1727 erit
1454 1682 1590 1728 virtus
1613 1698 1733 1744 prae-

358 1755 586 1817 miumque
611 1752 785 1798 virtutis
807 1789 817 1806 ,
853 1751 973 1814 quod
998 1752 1105 1798 dicit
1139 1753 1181 1798 in
1212 1753 1368 1798 sanctis
1394 1752 1575 1816 eloquiis
1599 1753 1734 1798 homo

360 1825 437 1888 qui
454 1826 538 1869 hoc
557 1833 688 1878 amat,
707 1844 727 1863 ε(
742 1822 854 1868 Mihi
875 1833 1017 1868 autem
1044 1823 1268 1869 adhaerere
1289 1825 1380 1869 Deo
1397 1823 1563 1869 bonum
1585 1834 1647 1869 est
1661 1822 1695 1870 1.
1713 1845 1734 1864 n

360 1897 469 1941 Haec
495 1894 557 1939 ibi
593 1893 673 1938 erit
699 1892 825 1955 plena
858 1903 899 1937 et
937 1895 1196 1956 sempiterna
1231 1893 1442 1956 sapientia
1460 1930 1470 1948 ‚
1498 1893 1735 1957 eademque

362 1966 573 2011 veraciter
608 1963 697 2009 vita
732 1966 823 2022 jam
849 1963 989 2010 beata.
1016 1964 1245 2009 Perventio
1264 1964 1430 2027 quippe
1449 1974 1511 2009 est
1533 1963 1588 2009 ad
1612 1974 1737 2010 aeter-

364 2054 469 2082 num
493 2052 543 2081 ac
569 2050 786 2080 summum
806 2033 972 2079 bonum
991 2071 1002 2089 ‚
1027 2035 1099 2080 cui
1122 2034 1345 2081 adhaerere
1363 2035 1409 2079 in
1432 2044 1644 2081 aeternum
1674 2045 1735 2082 est

363 2108 461 2154 finis
485 2106 619 2152 nostri
644 2105 766 2150 honi.
803 2105 985 2150 Dicatur
1007 2105 1105 2150 haec
1135 2116 1176 2150 et
1198 2105 1454 2161 Prudentia,
1481 2105 1585 2168 quia
1606 2122 1734 2169 pros-

364 2177 608 2242 pectissime
637 2175 881 2221 adhaerebit
899 2175 1017 2221 bono
1037 2176 1157 2239 quod
1181 2193 1267 2221 non
1298 2177 1544 2234 amittatur;
1569 2187 1611 2222 et
1633 2181 1736 2224 For-

367 2248 507 2295 titudo
527 2285 537 2303 ,
565 2246 667 2310 quia
691 2246 933 2291 firmissime
957 2246 1202 2292 adhaerebit
1230 2246 1345 2291 bono
1368 2246 1482 2292 unde
1507 2263 1594 2292 non
1618 2247 1736 2293 avel-

363 2320 505 2364 latur:
530 2327 571 2362 et
598 2315 919 2378 Temperantia,
945 2316 1047 2378 quia
1068 2316 1302 2361 castissime
1327 2315 1572 2361 adhaerebit
1598 2317 1732 2372 bono,

364 2391 443 2435 ubi
482 2405 569 2434 non
599 2397 936 2450 corrumpatur3
970 2398 1013 2432 et
1035 2387 1209 2433 Justitia
1230 2425 1239 2442 ‚
1266 2387 1368 2449 quia
1401 2388 1632 2432 rectissime
1655 2387 1736 2433 ad-

364 2459 551 2505 haerebit
568 2457 702 2511 bono,
726 2457 799 2502 cui
817 2456 969 2501 merito
979 2457 1255 2515 subjiciatur.

429 2529 554 2574 XIII.
581 2527 844 2589 Quanquam
872 2538 912 2573 et
946 2527 991 2579 iu
1024 2527 1109 2579 hac
1135 2528 1222 2574 vita
1249 2528 1386 2574 virtus
1421 2545 1506 2573 non
1531 2538 1617 2585 est,
1655 2527 1736 2572 nisi

414 2614 421 2635 ¹
448 2607 733 2649 Psnt.mx1=,23.
