1799 3251
584 285 797 315 EPISTOLA
831 285 973 315 ctxiv.
1382 274 1474 335 307

106 352 432 416 Scripturarum
457 352 562 397 hinc
594 367 786 414 expressa
822 367 910 396 non
945 351 1189 414 proferatur
1221 353 1470 401 auctoritas.

105 424 370 486 Quanquam
389 421 499 467 illud
523 421 643 485 quod
671 421 716 466 in
742 421 855 466 libro
879 421 1114 485 Sapienti-ce
1134 422 1346 484 scriptum
1377 434 1438 468 est
1462 443 1473 469 ι

105 513 124 533 «
146 493 254 537 Haec
277 491 402 536 illum
417 528 427 547 ,
455 491 531 554 qui
556 492 724 554 primus
747 490 886 536 factus
910 503 971 535 est
988 528 998 545 ,
1029 502 1193 554 patrem
1214 492 1330 537 orbis
1347 502 1480 538 terra-

107 583 127 602 »
150 578 273 616 rum,
301 577 403 606 cum
445 561 558 606 solus
596 571 702 606 esset
740 571 936 614 creatus,
969 561 1233 617 custodivit,
1265 573 1306 607 et
1335 562 1483 608 eduxit

107 652 127 671 »
149 628 276 675 illum
296 647 319 674 a
339 629 499 675 delicto
515 647 591 676 suo
607 667 618 686 ,
639 640 680 675 et
697 629 817 675 dedit
837 631 875 675 ei
893 631 1095 675 virtutem
1115 631 1367 677 continendi
1387 649 1484 677 om-

107 723 127 743 »
150 699 275 756 nia1‚
299 722 318 740 >³
343 701 477 760 magis
503 719 583 764 pro
608 701 693 747 hac
712 702 920 746 sententia
939 718 1072 763 quam
1093 717 1173 763 pro
1194 701 1282 746 ullo
1304 702 1387 747 alio
1409 703 1483 747 in-

107 770 280 816 tellectu
297 770 436 816 facere
453 771 666 817 videatur.
702 771 883 817 Addunt
912 770 1093 834 quidam
1117 770 1202 816 hoc
1221 771 1487 818 beneficium

107 841 294 904 antiquis
330 842 457 887 etiam
502 843 670 888 Sanctis
697 842 824 887 fuisse
862 858 1142 895 concessum,
1184 841 1324 895 Abel,
1352 843 1483 898 Seth,

109 913 202 957 Noe
218 949 228 965 ,
250 922 291 957 et
311 911 462 957 domui
485 916 575 972 eJ‘us
595 950 604 967 ,
641 912 862 958 Abraham
884 950 894 968 ,
924 913 1042 957 Isaac
1057 948 1067 966 ,
1102 921 1143 955 et
1169 911 1332 968 Jacob,
1366 913 1487 958 aliis-

107 999 190 1045 que
209 982 476 1027 Patriarchis
493 993 534 1027 et
562 983 796 1046 Prophetis
815 1020 827 1038 ,
852 993 901 1028 ut
922 999 1023 1027 cum
1048 980 1261 1026 Dominus
1285 982 1330 1028 in
1353 983 1488 1028 infer-

109 1069 212 1097 num
242 1051 452 1104 venisset,
478 1051 563 1098 illis
585 1052 814 1098 doloribus
840 1052 1123 1098 solverentur.

172 1122 270 1167 Vll.
316 1121 402 1167 Sed
439 1139 630 1184 quonam
666 1121 798 1168 modo
844 1122 1110 1182 intelligatur
1156 1121 1404 1180 Abraham,
1443 1123 1489 1168 in

107 1196 232 1251 cujus
257 1193 398 1236 sinum
419 1194 518 1254 pius
539 1193 667 1238 etiam
693 1210 863 1255 pauper
884 1191 956 1237 ille
984 1201 1210 1254 susceptus
1229 1203 1317 1248 est,
1339 1193 1385 1238 in
1405 1193 1490 1238 illis

109 1262 236 1309 fuisse
263 1261 513 1317 doloribus,
536 1280 612 1323 ego
639 1262 817 1326 quidem
843 1280 929 1308 non
955 1262 1082 1307 video
1108 1280 1118 1306 ε
1147 1262 1365 1325 explicant
1393 1263 1489 1308 for-

111 1344 216 1379 tasse
240 1332 316 1395 qui
337 1344 532 1395 possunt.
559 1334 683 1379 Solos
702 1344 845 1379 autem
871 1333 1004 1391 duos,
1027 1332 1073 1378 id
1097 1343 1177 1388 est,
1207 1333 1434 1380 Abraham
1450 1347 1492 1380 et

108 1407 338 1459 Lazarum,
360 1403 406 1448 in
419 1403 494 1449 illo
510 1405 805 1450 memorabilis
819 1405 974 1468 quietis
992 1403 1088 1449 sinu
1111 1403 1237 1449 fuisse
1259 1415 1491 1468 antequam

110 1475 322 1520 Dominus
344 1474 390 1519 in
412 1474 579 1520 inferna
599 1475 901 1529 descenderet,
931 1485 973 1520 et
1001 1473 1054 1519 de
1079 1473 1168 1519 istis
1194 1485 1364 1520 tantum
1385 1476 1493 1522 duo-

109 1548 192 1592 bus
217 1545 383 1590 dictum
422 1543 552 1590 fuisse
589 1545 654 1591 illi
686 1545 843 1591 diviti:
868 1567 887 1586 «
907 1546 1025 1589 Inter
1052 1562 1127 1590 vos
1158 1555 1200 1589 et
1241 1562 1318 1591 nos
1355 1546 1488 1593 chaos

110 1639 128 1658 »
154 1632 360 1675 magnum
378 1615 598 1660 firmatum
614 1627 700 1670 est,
718 1626 767 1660 ut
786 1615 814 1660 ii
841 1614 1083 1678 quivolunt
1104 1614 1208 1659 hinc
1231 1616 1410 1662 transire
1431 1617 1485 1664 ad

110 1710 129 1729 >2
155 1703 228 1732 vos
242 1703 329 1731 non
357 1685 546 1746 possint,
567 1702 708 1748 neque
725 1685 825 1731 inde
845 1686 934 1731 huc
958 1686 1246 1730 transmeare2
1265 1723 1276 1737 ,
1302 1708 1322 1727 »
1346 1690 1489 1735 nescio

111 1769 257 1804 utrum
285 1757 516 1819 quisquam
542 1756 619 1811 sit,
638 1757 709 1802 cui
728 1773 815 1803 non
843 1757 1044 1802 videatur
1069 1756 1324 1803 absurdum.
1350 1759 1490 1805 Porro

109 1830 143 1874 si
167 1827 311 1890 plures
327 1842 459 1888 quam
479 1825 568 1870 duo
588 1825 651 1870 ibi
677 1837 825 1872 erant.
852 1826 948 1889 quis
972 1825 1127 1871 audeat
1152 1825 1295 1872 dicere
1314 1845 1402 1873 non
1424 1831 1488 1875 ibi

108 1899 235 1944 fuisse
254 1896 383 1941 Pani
377 1895 531 1940 irchas
548 1907 590 1941 et
616 1874 884 1973 Prophetas,
913 1895 1112 1958 quibus
1101 1912 1146 1940 ln
1163 1896 1390 1960 Scriptura
1407 1900 1486 1945 Dei

103 1969 285 2029 justitiae
304 1966 561 2030 pietatisque
582 1976 665 2010 tam
693 1966 858 2025 insigne
881 1965 1172 2011 testimonium
1194 1966 1475 2029 perhibetur
1465 1973 1484 2005 3

111 2038 230 2094 (mid
248 2037 317 2082 his
339 2053 439 2095 eigo
465 2036 743 2097 praestiterit,
771 2035 849 2098 qui
876 2035 1047 2080 dolores
1076 2035 1205 2081 solvit
1230 2036 1409 2094 inferni,
1437 2041 1484 2086 in

109 2109 270 2172 quibus
305 2106 369 2151 illi
398 2122 485 2150 non
518 2105 716 2160 suerunt,
757 2104 955 2150 nondum
985 2104 1206 2164 intelligo,
1241 2110 1483 2169 praesertim

109 2179 212 2243 quia
249 2194 301 2222 ne
331 2177 448 2238 ipsos
470 2175 646 2238 quidem
680 2174 837 2221 inferos
874 2176 1044 2238 uspiam
1075 2176 1404 2239 Scripturarum
1439 2181 1484 2226 in

110 2250 227 2294 bono
252 2245 492 2310 appellatos
514 2245 640 2308 potui
673 2246 875 2308 reperire.
904 2245 1037 2302 Quod
1060 2247 1090 2289 si
1113 2262 1327 2309 nusquam
1347 2248 1392 2293 in
1418 2249 1484 2295 di-

109 2320 221 2366 vinis
242 2315 578 2363 auctoritatibus
593 2315 766 2375 legitur,
784 2333 871 2361 non
888 2316 1039 2378 utique
1052 2315 1169 2361 sinus
1182 2316 1254 2362 ille
1267 2318 1480 2378 Abrahae,

110 2390 155 2436 id
174 2399 261 2444 est,
299 2397 473 2432 secretae
495 2386 724 2446 cujusdam
745 2387 900 2450 quietis
928 2386 1142 2431 habitatio
1160 2423 1171 2442 ,
1208 2387 1353 2451 aliqua
1381 2408 1484 2453 pars

111 2459 349 2506 inferorum
374 2474 459 2502 esse
482 2456 696 2502 credenda
716 2467 792 2503 est.
824 2457 1087 2520 Quanquam
1102 2457 1148 2502 in
1172 2457 1240 2503 his
1260 2458 1364 2522 ipsis
1379 2463 1487 2508 tanti

114 2529 306 2590 magistri
335 2527 476 2573 verbis
491 2563 502 2584 ‚
526 2527 604 2573 ubi
632 2528 691 2573 ait
716 2526 868 2574 dixisse
894 2527 1117 2573 Abraham
1142 2545 1152 2572 :
1175 2529 1328 2576 «Inter
1349 2548 1423 2577 vos
1446 2543 1490 2578 et

165 2613 172 2634 ¹
191 2615 264 2655 Sap.
286 2622 317 2649 x,
338 2623 366 2643 i.
386 2629 426 2634 --
442 2608 457 2631 ²
473 2612 550 2644 Luc.
568 2620 639 2653 xvx,
662 2611 719 2644 26.

1284 2684 1356 2715 20.
