1799 3251
553 260 763 294 EPISTOLA
799 259 991 290 crxxxn.
1372 241 1460 300 431

98 418 176 434 ”v-
182 411 838 430 sums}wssswmuoeswztwvmssnsxs
844 410 946 421 2222«
952 408 1464 421 zzszznnumnsuxsum

482 510 750 561 EPISTOLA
785 508 1021 554 CLXXXII
1041 509 1072 550 ¹.

96 632 355 679 InnocENTms
369 660 378 677 ‚
403 629 582 674 Srtvaxo
601 630 681 668 seni
707 628 933 668 vitm-mo
946 658 955 676 ‚
976 637 1015 666 et
1035 628 1180 667 caeteris
1200 628 1267 680 qui
1284 628 1322 666 in
1344 627 1464 666 Mile-

146 693 278 733 vitana
297 684 447 745 synodo
463 692 730 732 interfuerunt
750 689 1011 729 dilectissimis
1029 689 1218 728 fratribus
1234 691 1273 728 in
1291 689 1464 729 Domino

150 755 336 795 salutem.

97 884 382 927 Innocentius
407 884 632 925 Romanus
659 883 883 939 pontifex,
912 881 1119 922 Patribus
1141 881 1320 922 concilii
1342 881 1468 923 Mile-

132 952 282 998 vt'lam'
303 950 589 1005 comprobans
612 950 791 991 illorum
810 959 906 990 aela
926 948 1135 989 adversus
1161 949 1433 1007 Pelagianos.

161 1090 195 1135 l.
220 1110 241 1131 c<
258 1090 394 1135 INTER
418 1098 594 1134 caeteras
610 1088 822 1132 Romanae
840 1084 1044 1130 Ecclesiae
1062 1102 1205 1140 curas,
1233 1097 1274 1131 et
1291 1098 1470 1150 aposto-

94 1158 192 1204 ticae
203 1158 323 1204 Sedis
337 1158 660 1221 occupationes,
676 1155 839 1219 quibus
858 1154 1129 1201 diversorum
1141 1156 1337 1202 consulta
1353 1158 1471 1204 fideli

102 1246 150 1274 ac
177 1228 350 1274 modica
372 1228 687 1291 disceptatione
710 1235 962 1280 tractatum,
985 1224 1119 1270 frater
1132 1236 1172 1271 et
1189 1227 1473 1291 coepiscopus

99 1310 244 1345 noster
267 1299 408 1345 Julius
429 1297 672 1345 dilectionis
686 1307 837 1341 vestrae
876 1294 1054 1350 litteras,
1078 1312 1184 1358 quas
1223 1314 1269 1342 ex
1304 1298 1474 1344 Milevi-

100 1379 202 1414 tano
220 1369 424 1421 concilio,
447 1385 552 1413 cura
574 1367 673 1412 fidei
692 1365 975 1428 propensiore
995 1365 1182 1414 misistis.
1205 1368 1315 1413 mihi
1331 1368 1473 1432 inopi-

99 1451 254 1484 nanter
276 1439 466 1498 ingessit,
486 1437 837 1496 Carthaginensis
860 1436 990 1481 etiam
1014 1435 1169 1498 synodi
1193 1438 1379 1500 querelae
1397 1457 1472 1502 pa·

99 1511 190 1555 rilis
207 1510 367 1572 scripta
379 1510 658 1569 subjungens.
683 1507 899 1553 Nimirum
925 1506 1084 1551 exultat
1103 1508 1293 1554 Ecclesia
1311 1520 1474 1555 tantam

103 1579 438 1625 sollicitudinem
477 1578 713 1624 commissis
740 1576 941 1636 gregibus
963 1576 1163 1622 exhibere
1186 1589 1396 1641 pastores,
1427 1591 1474 1626 ut

103 1665 190 1694 non
217 1649 354 1695 solum
379 1649 592 1694 neminem
619 1665 666 1692 ex
686 1647 754 1692 his
792 1646 1014 1709 patiantur
1037 1664 1194 1703 errare,
1220 1648 1292 1694 sed
1315 1650 1348 1694 si
1367 1667 1475 1713 quas

104 1720 238 1779 magis
257 1720 403 1765 ovium
425 1735 578 1764 scaevae
598 1717 896 1762 delectationis
930 1718 1067 1762 herba
1094 1717 1276 1775 seduxit,
1305 1737 1355 1765 ac
1372 1720 1405 1765 si
1429 1721 1473 1766 in

104 1807 246 1835 errore
263 1789 596 1852 permanserint,
622 1797 695 1832 aut
718 1786 925 1846 segregari
945 1787 1118 1849 penitus
1141 1788 1291 1845 velint,
1320 1800 1361 1835 at
1384 1790 1475 1835 illi-

105 1871 252 1905 center
268 1859 435 1905 dudum
463 1859 597 1922 petita
621 1858 821 1912 vitantes,
849 1856 1476 1920 custodiaepristinaecircum-

104 1931 323 1993 spectione
337 1929 485 1983 tutari‚
499 1929 545 1974 in
567 1939 748 1991 utraque
762 1937 886 1990 parte
900 1926 1100 1972 videlicet
1122 1929 1407 1988 consulentes,
1422 1948 1475 1976 ne

104 2001 171 2046 vel
190 1999 468 2064 suscipiendo
488 1999 593 2044 tales
620 1997 747 2044 simili
774 2008 946 2043 caeterae
974 1996 1236 2045 seducantur
1256 2000 1473 2064 exemplo3

107 2071 174 2117 vel
196 2070 440 2135 spernendo
478 2069 723 2121 redeuntes,
761 2068 967 2131 luporum
1008 2070 1224 2115 morsibus
1246 2070 1479 2117 videantur

107 2142 297 2201 ingestae.
324 2140 522 2185 Prudens
538 2138 777 2185 admodum
799 2149 840 2184 et
860 2137 1091 2183 catholicae
1115 2139 1217 2185 fidei
1235 2139 1362 2203 plena
1376 2157 1478 2187 con-

107 2212 299 2258 sultatio.
350 2210 460 2267 Quis
500 2211 614 2255 enim
641 2219 714 2256 aut
750 2208 931 2254 tolerare
966 2209 1103 2272 possit
1131 2221 1362 2267 errantem,
1405 2223 1482 2258 aut

108 2299 196 2328 non
236 2281 426 2344 recipere
453 2297 494 2325 se
523 2281 838 2340 corrigentem?
872 2280 981 2325 Nam
1016 2290 1064 2324 ut
1102 2279 1261 2326 durum
1288 2281 1480 2328 arbitror

107 2351 430 2399 conniventiam
452 2351 650 2414 praebere
682 2350 991 2414 peccantibuS‚
1030 2349 1089 2394 ita
1108 2349 1296 2414 impium
1323 2351 1476 2412 judico

111 2438 317 2482 magnum
339 2437 493 2480 negare
512 2437 741 2467 conversls.
767 2440 787 2461 n

161 2521 278 2552 ¹Alias
306 2531 395 2552 κομι.
428 2529 498 2561 quae
530 2525 636 2550 autem
674 2520 734 2550 182
770 2523 856 2559 erat,
891 2527 977 2549 nunc
1002 2518 1035 2549 in
1064 2519 1252 2562 Appendice
1277 2527 1354 2552 estz
1380 2523 1483 2555 Bene.

109 2572 317 2609 diminorum.
333 2593 369 2600 ,-
394 2575 517 2616 Scripta
537 2584 588 2607 an.
615 2581 692 2612 417.
