1799 3251
554 289 765 321 i-:risrotA
803 291 895 320 exn.
1361 272 1420 318 33

58 369 244 405 aeternae.
287 356 372 404 Sed
405 356 510 420 quid
548 368 609 402 est
628 394 638 408 ,
668 378 687 398 «
709 356 926 412 Quoniam
964 352 1186 400 tribulatio
1227 353 1420 415 proxima

58 450 79 470 »
93 439 153 474 est
169 431 214 473 9„
238 427 361 490 quasi
379 428 417 472 ei
441 427 579 489 passio
600 426 746 473 adhuc
766 425 1024 480 immineret,
1039 440 1137 470 cum
1158 424 1201 468 in
1218 422 1308 485 ipsa
1332 440 1423 468 ine-

58 498 130 544 dia
159 497 353 560 passione
385 497 464 542 ista
483 496 626 542 dicere
650 495 915 555 intelligatur
937 533 946 551 ‚
978 511 1076 559 quae
1100 493 1154 539 de
1178 492 1252 538 illo
1273 493 1317 537 in
1338 492 1425 538 hoc

59 569 231 615 Psalmo
250 568 514 632 prophetata
531 578 645 615 sunt.
664 569 746 613 Hie
757 567 868 612 enim
882 567 1076 613 <licturus
1093 565 1311 619 estetiam‚
1325 580 1426 627 quae

59 639 103 685 in
129 638 360 698 Evangelio
383 639 649 702 apertissime
685 638 846 700 scripta
874 648 974 683 sunt
997 657 1007 690 ;
1039 658 1058 678 «
1084 635 1329 681 Diviserunt
1346 634 1428 679 sibi

60 732 81 752 »
100 710 349 755 vestimenta
380 727 473 755 mea
489 747 499 764 ‚
533 720 574 755 et
596 726 725 772 super
747 719 904 755 vestem
928 724 1066 753 ineam
1100 706 1310 752 miserunt
1335 722 1431 750 sor-

63 790 187 826 »tem
203 779 221 808 1
242 799 253 833 ;
277 802 294 821 υ
320 780 437 843 quod
471 780 634 826 factum
668 791 726 826 est
752 796 850 825 cum
875 783 966 839 jam
989 778 1196 842 penderet
1223 777 1267 822 in
1292 777 1424 837 ligno.

62 850 181 908 Quid
201 861 262 895 est
286 868 386 910 ergo
402 888 411 904 ,
439 873 458 893 c<
485 851 732 896 Tribulatio
750 851 950 913 proxima
972 859 1032 894 cst
1050 887 1060 905 ‚
1078 870 1098 890 υ
1123 848 1164 893 in
1181 864 1265 911 qua
1291 846 1432 892 media

59 920 354 984 loquebatur?
386 920 470 966 Sed
505 921 710 966 nimirum
734 919 844 965 illud
864 919 958 965 vult
983 917 1189 977 intelligi,
1212 916 1313 980 quia
1333 934 1434 962 cum

62 1008 161 1038 caro
184 991 228 1036 in
249 991 477 1037 doloribus
499 1002 609 1037 estet
628 992 669 1037 in
686 991 847 1054 poenis,
864 991 1058 1053 profecto
1084 989 1226 1034 anima
1243 988 1435 1033 tuneha-

61 1062 348 1121 betmagnum
365 1079 541 1121 agonem
561 1061 799 1124 patientiae,
815 1061 959 1123 inquo
978 1059 1227 1113 nedeficiat,
1242 1058 1439 1104 laboran-

62 1131 445 1178 dumetorandum
467 1143 543 1178 est.
560 1132 681 1177 Nihil
697 1141 910 1176 estautem
934 1130 1172 1175 animaesua
1187 1145 1316 1173 carne
1340 1146 1438 1191 pro-

63 1201 271 1266 pinquius
287 1219 296 1246 :
313 1200 408 1247 ideo
424 1202 573 1247 mundi
595 1203 725 1261 hujus
746 1200 930 1264 quilibet
945 1216 1123 1259 magnus
1137 1198 1439 1261 perfectusque

63 1282 364 1335 contemptor,
393 1289 493 1318 eum
510 1273 611 1317 alibi
630 1273 811 1336 patitur,
834 1270 942 1316 nihil
964 1271 1141 1333 patitur.
1165 1270 1435 1314 Potestenim

66 1341 276 1387 adhibere
302 1342 473 1401 vigilem
505 1343 715 1387 rationem
739 1379 747 1397 ‚
779 1359 877 1386 cum
918 1341 1079 1385 amittit
1102 1341 1217 1385 bona
1243 1356 1341 1402 qnae
1365 1357 1438 1385 ex-

68 1411 271 1457 trinsecus
296 1421 425 1464 sunt,
454 1423 496 1457 ct
521 1414 576 1456 ab
603 1412 746 1457 animo
774 1411 977 1474 sapientis
999 1448 1008 1465 ‚
1034 1410 1109 1472 qui
1131 1427 1177 1454 ex
1199 1409 1440 1473 eupiditate

66 1498 154 1527 non
178 1480 345 1537 haeret‚
373 1482 462 1527 sine
485 1481 621 1527 dubio
650 1481 772 1542 longe
807 1491 928 1535 sunt;
966 1491 1006 1525 et
1042 1497 1129 1524 non
1151 1497 1300 1525 curare
1318 1480 1439 1543 quod

66 1552 260 1615 patitur,
297 1551 399 1614 quia
432 1569 508 1597 nec
533 1555 710 1615 patitur.
746 1555 854 1597 (lum
895 1568 994 1597 vero
1030 1550 1186 1596 amittit
1212 1553 1438 1614 praecipua

67 1621 264 1685 corporis
283 1622 418 1677 bona„
441 1622 485 1668 id
511 1634 571 1668 est
596 1660 605 1677 ‚
633 1624 827 1686 corporis
851 1623 981 1668 vitam
1007 1622 1090 1667 hae
1122 1621 1299 1666 salutem
1319 1659 1329 1677 ‚
1347 1625 1439 1680 jam

71 1691 296 1738 tribulatio
331 1692 525 1754 proxima
555 1705 616 1739 est
647 1693 778 1739 animi
818 1693 972 1745 bonis,
1009 1692 1169 1755 quibus
1204 1691 1295 1753 ipse
1322 1691 1438 1736 intus

69 1772 277 1826 tanquam
299 1763 493 1825 eorporis
516 1763 717 1808 dominus
736 1774 796 1808 est
819 1780 828 1807 :
855 1761 963 1826 quid
984 1761 1113 1807 faciet
1143 1760 1338 1823 qualibet
1365 1779 1439 1806 ra-

72 1832 212 1887 tione,
248 1841 295 1876 ut
320 1848 406 1876 non
433 1832 576 1878 doleat
604 1850 702 1878 cum
726 1849 883 1896 corpus
909 1831 1159 1877 vulneratur
1180 1840 1255 1875 aut
1280 1831 1438 1886 uritur,

72 1903 144 1949 eui
172 1913 292 1947 tanto
311 1902 564 1966 implicatur
582 1904 817 1960 consortio,
839 1914 885 1949 ut
908 1903 998 1966 pati
1021 1902 1170 1966 possit,
1194 1919 1281 1947 non
1299 1902 1443 1950 dolere

70 1990 155 2019 non
179 1972 312 2036 possit
329 1976 347 2019 Ῥ

135 2043 338 2109 XXXIV.
372 2043 472 2089 Ideo
492 2054 532 2090 et
562 2044 763 2091 diabolus
791 2044 911 2090 hune
936 2044 1122 2090 nocendi
1148 2044 1343 2090 ordinem
1374 2055 1440 2091 te-

50 2131 202 2169 nens,
234 2113 346 2160 illius
380 2115 523 2174 magni
544 2116 642 2169 viri,
665 2132 793 2178 quem
828 2115 1121 2179 postulaverat
1152 2115 1405 2161 tentandum
1429 2153 1440 2172 ‚

72 2183 193 2247 prius
213 2194 382 2230 externa
399 2184 514 2229 bona
537 2186 705 2248 accepit
725 2186 768 2230 in
789 2195 1041 2248 potestatem
1066 2223 1075 2240 ‚
1103 2185 1264 2248 quibus
1288 2185 1444 2231 ablatis

73 2254 326 2318 etperditis‚
349 2271 447 2299 eum
468 2254 590 2300 illum
616 2256 918 2301 inconcussum
937 2255 1116 2307 videret,
1133 2256 1293 2301 dixerat
1308 2255 1440 2311 enim,

76 2346 96 2366 r<
122 2324 333 2370 Dominus
356 2324 502 2377 dedit,
534 2326 743 2371 Dominus
773 2326 979 2378 abstulit3
1004 2326 1114 2371 sicut
1133 2326 1323 2371 Domino
1343 2325 1444 2388 pla-

76 2396 218 2450 veuit,
243 2395 301 2440 ita
324 2395 486 2441 factum
509 2407 585 2442 est.
613 2397 677 2441 Sit
701 2413 854 2441 nomen
876 2395 1049 2441 Domini
1065 2395 1343 2442 benedictum
1359 2395 1376 2424 3
1394 2413 1405 2441 ε
1425 2417 1444 2437 υ

76 2465 204 2512 etiam
228 2482 402 2511 earnem
436 2466 716 2512 cruciandam
750 2467 923 2513 vulnere
947 2466 1211 2530 postulavit,
1244 2466 1317 2512 tali
1344 2483 1445 2513 cum

77 2554 126 2582 eo
149 2536 383 2597 confligens
404 2538 651 2592 certamine,
683 2548 729 2583 nt
750 2538 863 2584 bona
884 2537 1077 2601 proxima
1103 2538 1343 2593 invaderet,
1361 2538 1444 2584 hoc

125 2617 274 2650 1Manh.
296 2631 402 2658 xxvii,
426 2623 476 2651 135.
508 2641 534 2644 --
557 2622 570 2642 ‘⁴⁷
591 2621 664 2653 Job.
689 2633 710 2659 i,
734 2634 788 2655 2¹.

240 2691 401 2720 ‹atvit-
1294 2678 1321 2723 3
