1799 3251
539 339 751 370 neisrora
787 340 976 379 crxxvrr.
1346 323 1438 380 403

79 405 216 461 tione,
240 403 359 468 quod
384 404 565 464 gratiam
590 404 666 450 Dei
697 415 885 464 negaret,
916 406 971 450 ita
1003 402 1246 468 rospondit,
1278 413 1327 450 ut
1348 420 1442 450 eam
1472 420 1475 424 ·

80 492 165 521 esse
185 492 271 521 non
286 474 472 530 diceret,
490 475 570 520 nisi
590 484 789 520 naturam
809 475 853 521 in
876 492 959 539 qua
983 491 1061 520 nos
1089 473 1288 520 condidit
1311 475 1438 521 Deus.

146 546 245 592 vlt.
278 546 322 590 Si
343 556 483 591 autem
509 546 630 591 hunc
655 561 741 591 esse
766 562 890 591 sunm
914 546 1076 591 librum
1097 555 1249 604 negat,
1268 555 1350 590 aut
1370 561 1446 590 ea-

82 616 178 661 dem
204 617 246 661 in
265 616 379 661 libro
406 616 499 661 loca
519 653 529 671 ‚
564 633 650 661 non
677 616 1006 669 contendimus;
1036 615 1281 661 anathemet
1302 633 1348 661 ea
1367 652 1378 670 ‚
1406 626 1448 660 ct

81 686 200 731 illam
236 688 497 732 confiteatur
536 686 798 749 apertissime
835 687 1044 747 gratiam,
1080 702 1210 748 quam
1252 685 1451 731 doctrina

84 756 320 802 christiana
353 757 618 802 demonstrat
636 767 678 801 et
704 757 918 820 praedicat
938 773 1024 802 esse
1047 756 1274 819 propriam
1296 755 1452 801 Chris-

84 825 300 871 tianorum
315 863 325 883 ‚
350 844 450 890 quae
465 844 552 873 uon
574 837 634 872 est
653 838 806 873 natura
824 865 834 882 ,
855 826 926 872 sed
952 843 1037 890 qua
1061 826 1252 871 salvatur
1273 836 1454 878 natura3

86 913 185 958 quae
210 907 407 942 naturam
449 916 536 943 non
563 897 742 943 auribus
773 909 952 943 sonante
987 896 1186 943 doctrina
1211 896 1278 943 vel
1311 896 1458 959 aliquo

87 966 340 1026 adJ'umcnto
366 968 527 1014 visibili
550 968 691 1023 fovet,
720 968 831 1014 sicut
863 968 1086 1032 plantator
1104 967 1298 1032 quodam
1327 967 1460 1013 modo

86 1046 128 1082 ct
147 1036 347 1097 irrigator
365 1038 643 1093 extrinsecus3
669 1038 741 1083 sed
761 1039 1163 1084 subministratione
1187 1038 1401 1101 Spiritus,
1423 1047 1464 1082 et

88 1107 257 1153 occulta
283 1108 575 1154 misericordia
590 1145 599 1161 ,
629 1108 740 1154 sicut
765 1108 868 1154 facit
891 1108 962 1154 ille
979 1145 988 1162 ,
1022 1108 1097 1172 qui
1120 1108 1195 1154 dat
1216 1108 1464 1154 incremen-

92 1187 182 1222 tum
201 1215 210 1229 ,
238 1180 366 1225 Deus.
406 1179 495 1223 Etsi
520 1178 633 1223 enim
650 1177 840 1241 quadam
862 1195 948 1223 nou
980 1178 1274 1241 improbanda
1298 1178 1464 1224 ratione
1485 1207 1487 1209 >

90 1247 251 1293 dicitur
271 1250 403 1309 gratia
426 1249 502 1295 Dei
523 1265 608 1313 qua
629 1249 758 1293 creati
781 1265 945 1304 sumus,
971 1259 1015 1294 ut
1036 1249 1237 1295 nonnihil
1261 1264 1466 1302 essemus,

90 1335 168 1363 nec
197 1319 255 1364 ita
281 1336 468 1365 essemus
490 1317 655 1381 aliquid
684 1329 729 1363 ut
764 1318 948 1364 cadaver
967 1319 1086 1382 quod
1111 1336 1200 1364 non
1224 1319 1360 1374 vivit,
1392 1328 1469 1364 aut

92 1389 224 1433 arbor
250 1406 350 1452 quae
383 1407 470 1435 non
507 1389 665 1445 sentit,
710 1399 784 1434 aut
822 1403 954 1452 pecus
978 1389 1097 1451 quod
1123 1406 1210 1434 non
1235 1389 1464 1449 intelligit,

91 1459 161 1503 sed
184 1459 383 1505 homines
406 1461 480 1523 qui
495 1471 537 1505 et
559 1476 763 1514 essemUS‚
784 1470 825 1504 et
843 1460 1105 1515 viveremus,
1133 1470 1175 1505 et
1196 1459 1469 1509 sentiremus,

93 1539 134 1573 et
173 1529 535 1589 intelligeremus,
572 1541 614 1575 et
648 1529 701 1575 de
740 1530 826 1575 hoc
862 1540 982 1575 tanto
1018 1530 1233 1575 beneficio
1273 1529 1473 1576 Creatori

95 1611 241 1644 nostro
263 1601 420 1659 gratias
447 1617 569 1660 agere
592 1600 811 1646 valeamus
836 1618 846 1644 :
869 1600 984 1646 unde
1004 1600 1156 1645 merito
1178 1610 1219 1645 et
1240 1600 1322 1646 ista
1339 1599 1476 1660 gratia

94 1668 180 1715 dici
207 1681 371 1732 potest,
396 1672 499 1733 quia
518 1687 605 1715 non
619 1669 964 1733 praecedentium
986 1669 1234 1732 aliquorum
1255 1670 1474 1715 bonorum

95 1757 274 1803 operum
304 1742 489 1798 meritis,
518 1741 590 1787 sed
626 1741 816 1801 gratuita
852 1741 932 1786 Dei
967 1741 1164 1786 bonitate
1190 1740 1354 1786 donata
1380 1751 1472 1786 est:

98 1811 178 1856 alia
206 1823 266 1857 est
301 1823 443 1858 tamen
474 1830 560 1876 qua
586 1812 886 1876 praedestinati
911 1828 1137 1869 vocamur,
1157 1811 1468 1872 Justificamur‚

98 1881 405 1941 glorificamur,
442 1895 491 1929 ut
522 1883 664 1929 dicere
690 1883 903 1946 possimus
926 1900 937 1927 t
958 1903 978 1923 «
995 1882 1039 1928 Si
1076 1884 1191 1928 Deus
1212 1899 1293 1946 pro
1316 1883 1471 1937 nobis,

99 1975 118 1994 υ
139 1954 237 2016 quis
268 1965 416 1999 contra
443 1958 549 2000 nos?
583 1955 670 2010 Qui
700 1954 808 1999 Filio
829 1970 905 1998 suo
932 1953 1113 2016 proprio
1133 1970 1224 1999 non
1247 1952 1471 2016 pepercit,

100 2046 120 2064 »
141 2024 210 2068 sed
232 2041 310 2087 pro
336 2026 463 2070 nobis
478 2025 680 2070 omnibus
705 2023 884 2069 tradidit
902 2024 1049 2071 eumffi.
1079 2045 1099 2065 >³

164 2095 286 2141 Vlil.
326 2098 387 2140 Do
412 2097 495 2142 hac
533 2097 666 2156 gratia
697 2096 881 2159 quaestio
910 2095 1180 2151 vertebatur,
1216 2093 1395 2157 quando
1423 2093 1478 2139 ab

101 2166 177 2218 iis,
200 2182 308 2228 quos
344 2167 540 2227 Pelagius
574 2167 760 2227 graviter
795 2165 1042 2212 offendebat
1073 2175 1205 2228 atque
1234 2165 1474 2216 turbabat,

102 2235 328 2281 dicebatur
351 2238 386 2282 ei
412 2238 531 2301 quod
554 2255 645 2283 eam
667 2238 752 2283 suis
776 2236 1151 2300 disputationibus
1171 2245 1448 2298 oppugnaret
1463 2271 1473 2285 ,

103 2306 262 2368 quibus
290 2319 487 2354 assereret
515 2326 601 2354 non
630 2308 769 2353 solum
792 2307 846 2353 ad
871 2306 1091 2361 facienda,
1118 2306 1399 2351 verumetiam
1422 2306 1478 2351 ad

103 2377 366 2439 perficienda
391 2378 595 2424 mandata
628 2377 775 2424 divina
812 2395 889 2440 per
915 2377 1100 2422 liberum
1133 2375 1360 2421 arbitrium
1384 2375 1478 2419 hu-

106 2462 276 2492 manam
306 2448 388 2493 sibi
412 2448 605 2494 sufficere
626 2459 840 2494 naturam.
871 2448 996 2492 Hanc
1018 2444 1254 2509 apostolica
1277 2444 1477 2490 doctrina

106 2517 285 2575 gratiam
304 2535 392 2563 non
416 2519 634 2564 immerito
658 2519 739 2563 isto
764 2518 938 2563 nomine
963 2516 1154 2579 appellat
1184 2552 1194 2571 ‚
1224 2532 1309 2578 qua
1331 2515 1476 2560 salva-

107 2602 206 2632 mur
222 2588 568 2647 etjustificamur
589 2606 634 2634 ex
655 2588 741 2634 fide
761 2587 941 2634 Christi.
970 2589 1035 2630 De
1056 2586 1140 2633 hac
1160 2587 1475 2649 scriptumest:

155 2668 278 2700 ¹R0m.
296 2679 364 2707 vui,
382 2672 437 2703 31.

1270 2727 1346 2772 26.
