1799 3251
569 288 784 321 EPISTOLA
818 289 912 320 ext.
1382 272 1442 338 59

68 367 163 405 rent
185 357 228 405 in
255 366 490 420 conspectu
506 358 598 416 ejus
621 355 832 401 universae
849 352 1005 418 patriae
1028 353 1220 415 gentium
1239 357 1258 402 :³
1277 377 1298 398 ς(
1316 357 1444 414 Quo-

70 430 218 475 »niam
238 429 414 474 Domini
435 429 480 474 in
497 444 695 487 regnum,
719 427 867 489 etipse
892 425 1192 472 dominabitur
1206 427 1444 487 gentium.»

71 501 167 546 Hac
198 499 403 545 Ecclesiae
437 498 688 544 dilatatione
720 498 849 542 etiam
886 496 1097 560 superbi,
1121 497 1273 553 idest,
1295 497 1447 544 divites

72 581 198 616 terrae
223 569 403 615 adducti
426 578 545 623 sunt,
568 578 616 613 ut
639 567 972 624 manducarent,
998 577 1038 612 et
1057 567 1257 630 quamvis
1281 585 1368 614 non
1386 586 1448 614 sa-

72 641 220 695 turati,
255 651 396 685 tamen
419 639 613 684 adorant.
641 638 772 682 Hunc
793 638 959 701 quippe
984 636 1181 683 ordinem
1216 636 1451 701 prophetia

75 711 235 757 Psalmi
258 710 460 756 hocloco
484 709 648 765 tenuit,
676 726 807 772 quem
838 708 1033 753 videmus
1059 708 1247 772 impleri.
1273 709 1450 768 Adjun—

72 782 134 843 git
160 792 320 836 autem,
340 802 360 822 «
379 782 428 826 In
445 790 677 843 conspeetu
705 783 792 838 ejus
813 779 1043 842 procident
1063 796 1209 824 omnes
1224 817 1234 834 ‚
1253 780 1329 842 qui
1360 779 1451 825 des-

75 874 96 895 »
119 851 368 898 cenduntin
389 861 543 896 terram
556 849 620 905 ¹9>
633 849 677 895 id
693 859 753 895 est
769 866 914 894 omnes
933 849 1048 894 bona
1066 847 1251 894 amando
1265 859 1449 904 terrena,

77 921 233 969 nonin
266 921 426 967 coelum
469 920 723 966 ascendunt.
768 920 866 964 {Non
898 920 1013 964 enim
1046 918 1216 964 faciunt
1240 919 1359 983 quod
1393 919 1452 964 ait

78 991 336 1056 Apostolu5‚
364 1012 384 1032 «
405 991 450 1037 Si
471 990 754 1036 resurrexistis
782 1006 880 1034 cum
915 989 1091 1035 Christo
1117 1007 1127 1033 :
1157 1005 1256 1052 quae
1285 1006 1453 1035 sursum

76 1085 97 1107 »
121 1074 221 1109 sunt
242 1063 448 1127 quaerite,
479 1062 556 1107 ubi
583 1061 783 1107 Christus
811 1071 871 1106 est
898 1061 942 1106 in
978 1059 1148 1106 dextera
1174 1060 1252 1106 Dei
1276 1060 1421 1106 sedens
1444 1076 1455 1114 ;

78 1157 98 1178 ›)
118 1151 218 1198 quae
242 1151 413 1180 sursum
437 1142 537 1178 sunt
554 1133 708 1196 sapite,
728 1149 815 1178 uon
835 1149 934 1195 quae
959 1148 1089 1194 super
1109 1142 1266 1176 terram
1281 1131 1298 1159 ‘2
1319 1149 1328 1176 ε
1346 1153 1365 1172 »
1383 1129 1454 1176 sed

77 1206 221 1271 potius
240 1215 405 1268 quanto
423 1204 505 1249 sibi
522 1204 648 1248 bonis
675 1203 850 1248 terrenis
865 1202 1077 1248 feliciores
1094 1201 1314 1258 videntur,
1337 1212 1456 1247 tanto

81 1276 216 1336 magis
238 1275 283 1321 in
313 1285 469 1320 terram
495 1274 789 1328 descendunt,
819 1273 905 1318 hoc
942 1283 1003 1318 cst
1032 1273 1076 1318 in
1113 1283 1278 1317 terrena
1306 1271 1457 1335 depri—

81 1356 276 1393 muntur.
310 1350 362 1390 Et
389 1344 484 1390 ideo
511 1345 556 1390 in
579 1354 815 1408 conspectu
840 1347 930 1402 ejus
953 1343 1210 1406 procident,
1232 1341 1276 1387 id
1297 1352 1358 1388 est
1381 1342 1459 1387 ubi

79 1417 171 1481 ipse
188 1415 324 1471 videt,
348 1432 435 1460 non
452 1414 528 1460 ubi
546 1415 743 1460 homiues
755 1414 921 1470 vident,
940 1413 1016 1476 qui
1039 1430 1108 1458 eos
1125 1412 1308 1459 excelsos
1326 1411 1459 1458 subli-

80 1503 256 1550 mesque
286 1486 568 1532 arbitrantur.

144 1557 348 1604 LXVIII.
380 1577 400 1598 c<
426 1558 481 1602 Et
517 1556 660 1601 anima
680 1592 691 1611 ,
715 1554 860 1619 inquit
878 1592 887 1610 ,
919 1571 1012 1599 mea
1034 1553 1118 1617 ipsi
1139 1554 1283 1600 vivet3
1307 1571 1318 1598 ι
1342 1552 1462 1616 »ipsi

83 1629 234 1692 utique
253 1666 262 1682 ‚
291 1645 379 1673 non
415 1627 498 1673 sibi
522 1665 532 1683 ,
572 1627 684 1672 sicut
719 1626 1008 1690 superborum
1043 1626 1214 1688 privato
1241 1625 1359 1670 bono
1384 1640 1460 1669 suo

84 1699 349 1754 laetantium,
375 1710 459 1743 eta
486 1699 709 1744 communi
729 1698 925 1742 omnium
947 1697 1083 1751 bono,
1111 1695 1231 1759 quod
1248 1697 1364 1740 Deus
1377 1705 1456 1748 est,

83 1769 202 1816 inani
239 1769 421 1814 elatione
457 1768 753 1814 resilientium.
799 1768 895 1812 Hoc
937 1766 1085 1829 utique
1119 1766 1358 1811 devitemus
1381 1802 1391 1820 ,
1419 1775 1461 1810 et

86 1839 309 1886 communi
344 1839 489 1902 potius
510 1855 609 1884 vero
639 1838 833 1883 omnium
849 1837 976 1898 ‚bono
997 1835 1161 1899 perfrui
1183 1873 1194 1892 ‚
1219 1852 1347 1899 quam
1366 1834 1462 1898 pri-

87 1921 185 1957 vato
201 1921 345 1955 nostro
369 1909 553 1969 gaudere
572 1925 820 1971 quaeramus
839 1927 849 1961 ;
868 1929 887 1948 a
906 1908 964 1952 Ut
982 1908 1059 1971 qui
1076 1908 1248 1963 vivunt,
1271 1910 1360 1966 jam
1376 1922 1462 1950 non

86 2003 107 2024 >2
131 1981 214 2028 sibi
247 1981 396 2026 vivant
416 2017 426 2036 ‚
465 1979 578 2025 sicut
609 1978 665 2024 ait
697 1977 963 2041 Apostolus,
992 1977 1066 2022 sed
1087 1977 1124 2022 ei
1148 1976 1224 2040 qui
1250 1993 1331 2039 pro
1362 1975 1466 2038 ipsis

86 2075 108 2096 >2
134 2063 330 2098 mortuus
355 2061 415 2096 est
432 2088 442 2107 ,
470 2060 512 2095 et
544 2049 817 2096 resurrexit&
845 2071 863 2090 ›>
886 2050 971 2094 Pro
999 2047 1087 2093 hoc
1115 2047 1230 2092 enim
1255 2045 1466 2091 mediator

87 2125 263 2170 effectus
280 2132 366 2179 est,
395 2132 443 2167 ut
475 2138 553 2167 nos
586 2120 835 2167 reconciliet
864 2120 955 2165 Deo
990 2136 1071 2182 per
1094 2117 1389 2163 humilitatem
1407 2154 1417 2173 ‚
1443 2134 1465 2161 a

87 2212 175 2259 quo
199 2211 277 2257 per
308 2192 488 2256 impiam
515 2192 765 2255 superbiam
795 2191 922 2250 longe
955 2204 1275 2235 recesseramus,
1317 2188 1466 2251 Neque

87 2265 200 2312 enim
242 2274 408 2309 tantum
446 2262 556 2308 illud
598 2263 811 2325 scriptum
852 2271 911 2306 est
934 2297 943 2316 ‚
978 2258 1099 2323 quod
1135 2274 1266 2320 supra
1304 2257 1461 2320 posui,

92 2359 113 2379 »
137 2335 318 2380 Initium
356 2334 495 2379 omnis
526 2333 698 2396 peccati
732 2330 937 2395 superbia
961 2347 971 2374 :
995 2351 1015 2371 »
1045 2327 1119 2374 sed
1143 2329 1271 2373 etiam
1297 2328 1382 2372 hoc
1404 2326 1469 2372 ibi

91 2407 269 2467 legitur,
287 2405 503 2451 «Initium
523 2404 743 2468 superbiae
763 2401 971 2458 hominis,
993 2410 1238 2464 apostatare
1256 2417 1278 2444 a
1299 2400 1388 2444 Deo
1404 2398 1436 2444 5.
1451 2421 1468 2439 »

93 2479 192 2523 Non
219 2493 319 2536 ergo
346 2475 429 2521 sibi
451 2475 571 2523 vivat
603 2475 784 2538 quisque
806 2511 817 2530 ‚
854 2471 927 2518 scd
954 2471 1157 2524 Christ03
1185 2469 1347 2515 faciens
1382 2485 1470 2514 non

141 2578 151 2600 ¹
178 2589 191 2608 1
213 2579 287 2609 Cor.
306 2585 339 2620 1„
353 2579 406 2607 3ο.
434 2594 476 2599 -—
493 2574 508 2596 2
526 2576 643 2608 Coloss.
664 2583 712 2615 ιιι,
731 2586 759 2608 1.
784 2592 827 2598 —
843 2571 857 2597 3
875 2573 956 2608 Psal,
977 2581 1048 2606 xx1.
1068 2573 1123 2605 δι.
1141 2589 1186 2596 -
1203 2567 1218 2593 ⁴
1234 2581 1250 2601 2
1268 2571 1346 2603 Cor.
1363 2579 1394 2612 V,
1414 2568 1470 2602 15.

96 2652 136 2665 ·=··
154 2631 167 2657 5
185 2631 281 2665 Eccli.
304 2642 334 2671 x,
357 2637 407 2669 14.
