1799 3251
300 282 392 339 534
720 298 755 328 s.
795 293 1040 326 Aueusnm
1076 293 1281 326 triscom

295 364 340 411 id
369 373 433 410 est
461 361 851 427 praefigurantibus
872 361 1032 421 signis;
1059 377 1158 406 nam
1187 360 1280 406 illas
1298 376 1447 406 omnes
1477 360 1680 407 observa-

298 435 454 490 tiones,
477 433 657 479 umbras
669 432 919 478 futurorum
935 442 1078 487 vocat,
1102 430 1233 476 etiam
1253 430 1350 493 ipso
1377 430 1583 477 translato
1600 446 1679 477 vo-

299 503 458 551 cabulo
483 521 494 548 :
515 519 714 549 summus
746 502 861 547 enim
880 504 998 547 Deus
1019 501 1133 547 sicut
1166 501 1383 564 scriptum
1411 512 1474 547 est
1500 519 1510 547 z
1532 521 1554 543 «
1581 501 1680 547 Non

302 597 323 618 »
341 576 387 621 in
412 572 674 619 manufactis
698 572 874 636 templis
892 571 1067 617 habitat
1081 572 1127 616 2:
1151 592 1171 613 ›>
1190 582 1263 617 aut
1284 582 1397 618 certe
1418 593 1438 613 c<
1457 573 1680 635 Corpora-

296 669 316 690 »
336 646 473 692 liter»
501 644 670 690 dictum
695 654 774 700 est,
803 643 905 706 quia
928 642 1034 689 etin
1057 642 1223 689 Christi
1249 658 1435 706 corpore
1460 642 1581 706 quod
1606 656 1679 688 as-

301 716 487 780 sumpsit
509 733 554 762 ex
579 715 770 775 virgine,
810 724 1020 777 tanquam
1054 715 1100 760 in
1138 713 1301 777 templo
1337 714 1507 759 habitat
1541 717 1673 760 Deus.

302 788 420 834 Hine
443 797 504 832 est
527 786 642 832 enim
683 783 805 849 quod
839 784 1005 830 Judaeis
1041 785 1214 844 signum
1252 785 1534 847 petentibus,
1576 799 1679 830 cum

297 857 497 903 dixisset:
521 856 724 901 «Solvite
742 854 957 917 templum
977 855 1083 909 hoc,
1107 854 1206 899 etin
1227 854 1373 900 triduo
1393 854 1680 900 ressuscitabo
1715 881 1718 885 -

296 949 317 970 ›>
340 927 509 982 illud33
531 949 552 968 »
578 926 851 986 Evangelista
883 925 991 989 quid
1017 926 1103 971 hoc
1127 935 1234 971 esset
1263 936 1575 989 consequenter
1608 942 1681 971 ex—

295 1015 461 1063 ponens
480 1035 491 1055 ,
541 998 598 1043 ait
619 1014 630 1042 z
661 1017 682 1038 c<
701 998 797 1042 Hoc
820 1006 965 1042 autem
1001 996 1177 1042 dicebat
1214 996 1270 1042 de
1293 996 1456 1060 templo
1479 996 1679 1060 corporis

298 1090 319 1111 ((
340 1069 406 1114 sui
432 1069 465 1115 ά.
496 1090 516 1110 D

361 1140 455 1185 XL.
489 1138 608 1194 Quid
632 1154 732 1198 ergo
753 1140 847 1183 est?
876 1137 1071 1183 Hoccine
1096 1137 1300 1183 interesse
1326 1137 1592 1183 arbitramur
1605 1137 1679 1183 in-

301 1222 366 1256 ter
390 1221 525 1274 caput
542 1221 583 1255 et
619 1209 817 1254 membra
840 1219 1018 1264 caetera,
1049 1208 1168 1271 quod
1193 1210 1237 1254 in
1258 1208 1459 1272 quolibet
1481 1209 1681 1271 quamvis

299 1281 530 1345 preecipuo
554 1279 771 1333 membro,
795 1279 915 1324 velut
937 1279 981 1324 in
1009 1278 1155 1341 aliquo
1178 1295 1334 1339 magno
1359 1278 1585 1341 Propheta
1608 1290 1684 1325 aut

297 1351 553 1414 Apostolo5‚
582 1350 784 1413 quamvis
806 1349 1010 1396 divinitas
1033 1350 1221 1407 habitet,
1243 1366 1329 1396 non
1345 1359 1490 1395 tamen
1504 1350 1616 1396 sicut
1636 1350 1682 1395 in

300 1423 444 1486 capite
468 1422 587 1485 quod
611 1432 674 1467 est
709 1421 913 1467 Christus
929 1459 939 1476 ‚
978 1423 1118 1468 omnis
1142 1420 1374 1485 plenitudo
1413 1420 1681 1468 divinitatis?

300 1495 410 1539 Nam
429 1504 470 1538 et
489 1494 696 1538 innostro
720 1509 903 1556 corpore
927 1494 1036 1539 inest
1062 1509 1207 1539 sensus
1238 1492 1418 1551 singulis
1449 1493 1675 1547 membris,

300 1564 372 1610 sed
396 1581 484 1608 non
510 1574 653 1608 tantus
678 1575 870 1626 quantus
894 1564 938 1608 in
976 1565 1137 1627 capite,
1162 1563 1240 1608 ubi
1262 1579 1438 1626 prorsus
1467 1563 1606 1608 omnis
1621 1573 1683 1608 est

299 1634 698 1697 quinquepartitus,
734 1634 802 1679 lbi
825 1633 938 1679 enirn
964 1645 1004 1679 et
1026 1634 1141 1680 visus
1165 1644 1207 1678 et
1230 1634 1405 1679 auditus
1432 1644 1472 1679 et
1499 1633 1683 1679 olfactus

297 1716 337 1750 et
359 1715 505 1764 gustus
530 1715 571 1750 et
595 1714 750 1751 tactus,
782 1705 832 1749 In
849 1705 1016 1750 caeteris
1035 1716 1178 1751 autem
1199 1705 1316 1750 solus
1346 1714 1407 1749 est
1429 1714 1584 1751 tactus.
1611 1707 1682 1749 An

299 1775 427 1820 etiam
450 1786 611 1838 praeter
635 1774 739 1830 hoe,
781 1775 903 1838 quod
937 1787 1143 1840 tanquam
1169 1776 1214 1821 in
1238 1775 1402 1838 templo
1422 1775 1466 1820 in
1489 1775 1564 1820 illo
1583 1792 1684 1821 cor-

300 1862 404 1909 pore
426 1846 602 1890 habitat
626 1846 765 1891 omnis
782 1846 1012 1909 plenitudo
1038 1846 1296 1901 divinitatis,
1327 1855 1388 1891 est
1416 1845 1532 1891 aliud
1562 1845 1683 1909 quod

299 1916 467 1961 intersit
486 1915 599 1960 inter
622 1915 731 1961 illud
753 1927 905 1979 caput,
939 1928 979 1962 et
1002 1916 1236 1976 cujuslibet
1264 1916 1450 1961 membri
1471 1916 1684 1962 excellen-

298 1987 433 2032 tiam?
454 1987 527 2031 Est
552 1986 683 2049 plane
719 1986 837 2050 quod
858 1987 1065 2047 singulari
1089 1987 1278 2050 quadam
1306 1988 1579 2049 susceptione
1598 1987 1683 2032 ho-

296 2056 424 2102 minis
446 2056 560 2101 illius
595 2073 680 2101 una
703 2056 815 2101 facta
850 2068 911 2102 est
947 2074 1129 2120 persona
1158 2073 1258 2102 cum
1295 2057 1455 2103 Verbo.
1481 2058 1547 2101 De
1562 2056 1683 2102 nullo

302 2127 421 2172 enim
453 2137 700 2172 sanctorum
747 2127 834 2172 dici
882 2128 1045 2189 potuit,
1086 2137 1159 2172 aut
1201 2136 1359 2189 potest,
1391 2136 1466 2172 aut
1485 2127 1646 2190 poterit
1670 2142 1681 2172 z

300 2196 537 2242 «Verbum
579 2214 679 2242 caro
719 2197 884 2242 factum
905 2208 967 2243 est
990 2198 1022 2244 6.
1049 2218 1068 2239 >>
1102 2197 1256 2242 Nullus
1288 2210 1537 2243 sanctorum
1568 2210 1684 2261 qua-—

299 2267 409 2312 libet
442 2268 695 2330 praestantia
743 2268 911 2328 gratizc,
954 2268 1174 2328 Unigeniti
1220 2284 1377 2313 nomen
1413 2268 1606 2331 accepit,
1636 2279 1684 2313 ut

300 2337 419 2401 quod
436 2339 655 2401 estipsum
682 2339 759 2384 Dei
781 2339 976 2385 Verbum
1003 2349 1100 2384 ante
1122 2339 1299 2394 saecula,
1321 2339 1408 2384 hoc
1433 2338 1562 2384 simul
1582 2353 1683 2383 cum

299 2419 524 2472 assumpto
550 2410 728 2455 homine
755 2409 985 2456 diceretur.
1027 2409 1266 2469 Singularis
1287 2421 1349 2455 est
1373 2426 1473 2469 ergo
1496 2408 1570 2454 illa
1585 2423 1683 2454 sus-

299 2479 460 2542 ceptio,
487 2496 566 2524 nec
591 2496 691 2525 cum
713 2480 967 2525 hominibus
991 2479 1210 2544 aliquibus
1229 2480 1388 2525 sanctis
1409 2479 1684 2542 quantalibet

347 2580 355 2600 ¹
374 2579 493 2611 Coloss.
514 2591 551 2620 11,
578 2590 626 2618 17-
645 2597 690 2602 —
707 2577 722 2600 2
741 2584 812 2612 Act.
840 2591 925 2621 ιιι-ιι,
944 2587 997 2618 24.
1019 2599 1060 2605 —-
1079 2577 1092 2603 3
1109 2582 1204 2613 Joan.
1234 2592 1268 2619 ιι,
1294 2591 1348 2621 19.
1368 2573 1439 2604 —4
1457 2579 1542 2612 Ibid.
1562 2590 1619 2613 21.
1638 2597 1682 2603 —

298 2633 310 2656 5
325 2635 446 2668 Coloss.
463 2646 502 2677 11,
520 2646 555 2675 9.
574 2653 616 2658 -—
641 2632 655 2654 ⁶
671 2637 766 2670 Joan.
790 2647 818 2670 1,
845 2642 899 2671 14.
