1799 3251
601 276 809 306 semrom
846 278 938 310 etv.
1360 270 1443 324 2'11

81 341 156 404 qui
184 341 302 388 nulla
326 342 432 387 hinc
455 340 683 387 afflictione
702 343 909 387 avertitur
933 381 942 399 ‚
971 343 1093 391 fortis
1112 355 1173 391 est
1195 363 1206 391 t
1236 347 1311 409 qui
1334 349 1451 396 nulla

85 410 164 455 alia
189 410 495 465 delectatione,
520 421 763 473 temperans
781 421 843 456 est
869 430 879 456 :
910 414 986 475 qui
1010 415 1129 461 nulla
1153 416 1336 462 elatione
1353 420 1452 479 jus-

83 493 151 527 tus
174 493 248 527 est.
281 482 356 526 His
384 480 618 526 virtutibus
642 481 848 527 divinitus
874 483 1103 547 impertitis
1125 524 1134 541 ,
1165 504 1241 549 per
1267 490 1447 546 gratiam

84 551 330 597 mediatoris
366 552 445 597 Dei
486 569 587 596 cum
623 553 776 607 Patre,
810 564 850 597 et
884 555 1110 601 nobiscum
1138 557 1326 603 hominis
1349 560 1452 606 Jesu

84 621 266 676 Christi,
294 639 372 684 per
393 639 520 684 quem
548 632 644 684 post
668 621 916 668 iuimicitias
935 625 1175 688 iniquitatis
1196 629 1452 675 reconcilia-

84 708 180 735 mur
204 692 293 736 Deo
314 692 357 736 in
379 691 546 754 Spiritu
570 691 798 736 charitatis
823 709 833 736 ε
861 692 951 747 his,
974 694 1151 756 inquam
1170 732 1179 747 ,
1217 697 1453 744 virtutibus

81 760 288 805 divinitus
310 761 543 823 impertitis
563 798 573 810 ,
599 772 641 805 et
659 761 775 806 bona
794 763 880 806 vita
906 780 1023 808 nunc
1055 764 1197 823 agitur
1216 803 1225 811 .
1249 778 1289 811 et
1307 779 1456 830 postea

79 831 310 893 praemium
338 835 455 891 ejus,
483 848 583 894 quae
616 832 696 876 nisi
724 843 882 877 aeterna
910 850 995 878 esse
1027 852 1113 879 non
1139 847 1303 897 potest,
1327 839 1455 884 beata

79 901 167 946 vita
185 901 459 964 persolvitur.
491 903 575 946 Hic
602 902 714 946 enim
736 913 837 947 sunt
855 903 1018 948 ‹eaedem
1044 905 1221 952 virtutes
1244 907 1287 952 iu
1321 920 1420 954 actu
1440 947 1451 965 ‚

78 971 142 1016 ibi
161 970 207 1016 in
232 973 385 1017 effectu
405 989 415 1016 z
439 971 513 1016 hie
541 973 586 1016 in
605 988 760 1033 opere,
784 973 845 1018 ibi
867 974 909 1017 in
933 976 1130 1021 mercede
1152 994 1162 1021 t
1191 977 1263 1022 liic
1289 979 1332 1023 in
1358 980 1456 1026 offi-

78 1042 146 1086 cio
166 1078 176 1096 ‚
207 1042 270 1087 ibi
297 1042 341 1087 in
370 1043 467 1088 fine.
512 1043 663 1104 Itaque
687 1059 835 1088 omnes
860 1043 966 1089 boni
994 1055 1034 1090 et
1055 1047 1222 1101 sancti,
1259 1050 1385 1094 etiam
1409 1051 1455 1096 in

81 1112 304 1157 tormentis
326 1111 598 1176 quibuslibet
633 1112 783 1157 divino
808 1112 909 1158 fulti
945 1114 1188 1174 adjutor-m,
1226 1135 1301 1180 spe
1338 1120 1454 1166 illius

77 1182 174 1226 finis
210 1182 325 1227 beati
359 1192 598 1229 vocantur.
630 1199 718 1244 quo
758 1183 843 1227 fine
878 1183 993 1229 beati
1025 1196 1166 1232 erunt.
1214 1189 1324 1233 Nam
1349 1191 1382 1235 si
1409 1192 1455 1236 in

74 1251 235 1298 eisdem
260 1252 504 1307 tormentis,
529 1262 570 1296 et
592 1252 867 1297 atrocissimis
890 1253 1116 1300 doloribus
1137 1273 1307 1320 semper
1320 1271 1457 1306 essent

76 1338 174 1367 cum
203 1322 471 1385 quibuslibet
498 1322 761 1380 virtutibus,
792 1340 862 1368 eos
887 1340 972 1369 esse
997 1326 1170 1371 miseros
1203 1329 1321 1374 nulla
1353 1348 1457 1377 sana

77 1393 184 1438 ratio
206 1393 442 1438 dubitaret.

139 1462 279 1509 XVII.
311 1464 455 1508 Pietas
470 1463 605 1522 igitur
625 1461 671 1508 id
688 1471 750 1507 est
774 1479 895 1508 verus
918 1463 1004 1509 veri
1025 1465 1102 1509 Dei
1125 1467 1267 1513 cultus
1285 1468 1335 1514 ad
1355 1486 1455 1516 om-

73 1531 143 1578 nia
160 1531 353 1596 prodest,
386 1543 427 1578 et
450 1549 549 1596 quae
569 1531 780 1577 molestias
802 1532 938 1592 huJ'us
970 1533 1072 1579 vitfe
1099 1547 1260 1583 avertat
1283 1549 1357 1584 aut
1383 1540 1449 1585 le-

74 1602 181 1658 niat,
209 1614 250 1648 et
272 1620 372 1667 quae
398 1603 452 1648 ad
482 1603 602 1648 illam
626 1604 760 1648 vitam
797 1601 1067 1666 salutemque
1099 1607 1335 1668 perducat:
1374 1610 1454 1656 ubi

74 1688 152 1717 nec
174 1672 338 1735 aliquid
359 1676 448 1732 jam
476 1672 578 1718 mali
613 1673 851 1735 patiamur,
875 1683 915 1717 et
938 1673 1054 1718 bono
1088 1693 1256 1723 summo
1289 1681 1454 1743 sempi-

73 1752 281 1805 ternoque
308 1743 593 1805 perfruamur.
620 1743 685 1788 Ad
702 1743 817 1787 hanc
835 1753 874 1787 te
890 1742 1125 1805 perfectius
1140 1750 1450 1811 assequendam

71 1822 113 1857 et
137 1814 554 1875 perseverantissime
578 1812 845 1859 retinendam
875 1813 1080 1859 exhortor
1113 1828 1158 1861 ut
1182 1834 1246 1863 mc
1271 1820 1444 1881 ipsum:

73 1886 197 1942 cujus
220 1883 301 1929 nisi
321 1887 412 1942 jam
440 1884 657 1947 particeps
670 1900 793 1937 esses,
814 1885 1114 1946 tuosqueistos
1136 1887 1320 1934 honores
1341 1901 1448 1936 tem-

72 1953 240 2016 porales
262 1955 299 1999 ei
319 1955 475 1999 servire
499 1965 697 2017 oportere
717 1953 952 2013 judicares,
976 1972 1064 2000 non
1090 1958 1322 2005 Donatistis
1347 1961 1446 2008 has-

71 2024 213 2068 reticis
229 2023 280 2069 ad
291 2041 360 2069 eos
375 2024 418 2069 in
433 2026 643 2070 unitatem
660 2024 824 2069 Christi
838 2041 1079 2089 pacemque
1098 2027 1351 2088 redigendos
1370 2050 1448 2095 per

72 2093 275 2139 Edictum
291 2094 480 2141 diceres:
506 2117 525 2137 «
539 2097 626 2141 Pro
649 2095 775 2141 vobis
790 2095 877 2140 hoc
893 2095 1051 2155 agitur‚
1068 2115 1149 2159 pro
1169 2100 1292 2145 vobis
1313 2118 1446 2148 sacer-

70 2186 90 2205 »
110 2163 230 2209 dotes
247 2165 517 2228 incorruptae
542 2165 660 2220 fidei,
692 2182 773 2227 pro
790 2165 912 2210 vobis
938 2167 1180 2229 Imperator
1206 2171 1439 2230 Augustus,

71 2257 91 2276 ))
116 2252 196 2298 pro
211 2236 333 2280 vobis
356 2254 432 2281 nos
458 2254 633 2300 quoque
657 2236 932 2296 ersJ'udices
956 2237 1232 2285 laboramus:
1264 2264 1282 2282 »
1302 2254 1343 2287 et
1361 2244 1444 2290 alia

70 2304 225 2360 multa,
250 2322 350 2367 quae
382 2306 425 2350 in
451 2306 601 2351 eodem
623 2306 768 2351 edicto
795 2307 852 2351 ita
877 2308 1075 2369 posuisti,
1104 2319 1151 2354 ut
1179 2320 1217 2354 te
1234 2325 1444 2374 appareat

68 2374 113 2419 in
132 2375 290 2419 terreni
309 2374 472 2434 judicis
497 2375 671 2435 cingulo
710 2393 795 2420 non
835 2394 970 2438 parva
1012 2395 1056 2422 ex
1082 2390 1204 2440 parte
1228 2381 1445 2429 coelestem

67 2444 385 2505 rempublicam
418 2446 619 2504 cogitare.
652 2445 796 2501 Quare
819 2447 851 2490 si
887 2445 940 2490 de
966 2447 1074 2491 veris
1110 2448 1368 2508 virtutibus,
1404 2466 1446 2499 et

68 2531 165 2559 vere
185 2515 308 2558 beata
324 2515 411 2559 vita
433 2514 548 2560 volui
571 2515 734 2560 diutius
763 2514 882 2577 loqui
908 2526 1068 2572 tecum,
1100 2534 1247 2580 quaeso
1266 2539 1317 2566 ne
1342 2541 1450 2568 ono-

68 2600 189 2629 rosus
213 2582 396 2645 deputer
415 2584 497 2629 tuis
518 2585 884 2647 occupationibus
908 2603 916 2629 :
940 2585 1027 2630 imo
1056 2603 1155 2632 vero
1178 2606 1243 2634 me
1269 2609 1452 2639 nonesse

199 2670 359 2701 cxrx'ir.
1273 2671 1322 2706 it»
