1799 3251
540 299 750 329 EPISTOLA
788 300 932 330 CXLlX.
1349 302 1431 349 177

69 364 153 420 Qui
179 375 318 409 autem
351 363 594 408 distinctius
621 362 755 408 latine
785 363 922 409 locuti
956 374 1082 420 sunt,
1113 365 1439 426 precationibus

71 435 303 479 utebantur
336 435 378 478 in
412 433 617 496 optandis
647 433 773 478 bonis
799 471 809 483 ,
847 433 1228 497 deprecationibus
1261 452 1361 481 vero
1394 436 1440 480 in

68 503 311 549 devitandis
352 503 487 550 malis.
527 504 701 549 Precari
724 504 838 548 enim
863 503 1069 549 dicebant
1102 522 1188 550 esse
1222 504 1442 568 precando

69 575 184 620 bona
209 586 381 637 optare3
416 574 645 637 imprecari
674 574 812 630 mala,
843 575 961 637 quod
996 575 1126 635 vulgo
1141 580 1233 635 jam
1258 576 1439 631 dicitur,

70 645 325 691 maledicere
351 663 361 690 :
387 644 612 708 deprecari
636 655 775 690 autem
795 683 807 702 ‚
831 645 944 691 mala
967 647 1188 708 precando
1210 646 1438 710 depellere.

72 717 154 762 Sed
184 717 390 762 usitatum
410 720 500 776 jam
530 716 738 780 loquendi
760 716 939 762 modum
966 718 1112 780 potius
1136 734 1387 781 sequamur,
1406 730 1448 763 et

69 786 1447 851 §ve<‹Preeanonesshoeedepreeafiones»invenerhnus‚quas

72 857 220 904 Graeci
243 857 397 910 δεήσεις
426 869 612 913 vocant,
643 874 729 902 non
756 868 959 921 putemus
988 857 1308 904 emendandum
1341 875 1441 904 esse.

72 951 92 970 «
125 929 357 974 Orationes
380 950 399 969 »
417 945 517 974 vero
549 945 656 991 quas
678 945 844 986 graecus
869 928 1003 974 habet
1022 931 1239 991 προσευχὰς
1256 967 1266 985 ‚
1294 929 1451 975 distin-

72 1015 200 1059 guere
223 1017 244 1043 a
265 998 471 1061 precibus
498 998 565 1043 vel
588 999 913 1060 precationibus
949 1000 1126 1045 omnino
1149 998 1326 1045 difficile
1366 1011 1440 1047 est.

74 1069 205 1127 Quod
241 1086 341 1114 vero
375 1069 552 1132 quidam
587 1068 758 1115 codices
781 1086 866 1115 non
901 1070 1067 1115 habent
1091 1092 1109 1111 α
1142 1071 1399 1123 Orationes,
1430 1093 1448 1111 u

74 1140 179 1197 sed,
215 1140 615 1195 «.Adorafflones,»
642 1140 1069 1203 quhtrunithcunn
1107 1142 1247 1186 estin
1284 1157 1449 1200 graeCO,

76 1219 192 1274 εὐχας
209 1250 219 1267 ,
257 1211 329 1257 sed
348 1249 358 1267 ,
397 1213 638 1274 προσευχὰς,
664 1228 750 1256 non
777 1212 964 1258 arbitror
987 1213 1169 1258 scienter
1192 1213 1447 1276 interpreta-

78 1294 168 1328 tum
194 1300 203 1327 ε
228 1283 444 1345 προσευχὰς
460 1281 573 1326 enim
594 1302 611 1321 «
631 1282 896 1328 Orationes»
920 1283 1006 1327 dici
1040 1300 1063 1327 a
1094 1283 1259 1327 Graecis
1279 1319 1289 1337 ‚
1317 1283 1450 1327 notis-

78 1354 236 1398 simum
273 1363 348 1398 est.
397 1353 452 1396 Et
490 1352 637 1413 utique
666 1351 785 1397 aliud
819 1363 880 1397 est
907 1369 1054 1407 orare,
1098 1352 1217 1397 aliud
1250 1351 1443 1398 adorare.

79 1424 277 1486 Denique
291 1440 377 1468 non
400 1422 479 1467 isto
498 1422 632 1468 verbo
648 1459 659 1477 ,
683 1422 753 1468 sed
776 1423 859 1470 alio
877 1423 1033 1483 legitur
1054 1423 1098 1468 in
1122 1440 1264 1482 graeco
1286 1441 1295 1467 :
1318 1445 1336 1463 «
1358 1423 1454 1467 Do·-

79 1515 99 1535 ›>
125 1494 292 1539 minum
332 1495 471 1540 Deum
509 1503 631 1538 tuum
671 1493 904 1539 adorabis-1
934 1512 944 1539 2
972 1517 990 1535 ›)
1024 1505 1088 1548 et,
1117 1516 1134 1534 α
1161 1493 1367 1539 Adorabo
1394 1493 1448 1539 ad

80 1586 100 1606 ³>
126 1564 335 1627 templum
361 1573 556 1608 sanctum
578 1574 702 1609 tuum
715 1565 762 1610 ²³:
787 1587 806 1607 ω
831 1575 871 1610 et
892 1566 922 1610 si
948 1582 1034 1628 qua
1052 1565 1223 1611 similia.

145 1635 261 1680 xlv.
287 1637 372 1680 Pro
393 1656 411 1675 (ι
430 1633 858 1697 interpellationibus
879 1659 898 1677 υ
920 1647 1061 1681 autem
1080 1635 1199 1699 quod
1221 1635 1354 1680 nostri
1374 1634 1453 1680 ha·

82 1707 187 1751 bent
200 1741 210 1757 ‚
242 1705 479 1751 secundum
497 1704 685 1760 codices,
710 1706 860 1761 credo,
881 1718 1044 1753 vestros
1064 1728 1084 1747 «
1100 1705 1416 1751 postulationes
1431 1728 1450 1746 »

82 1777 275 1841 posuisti.
310 1777 417 1821 Haec
441 1776 612 1821 interim
637 1775 725 1821 duo
745 1813 754 1831 ‚
782 1776 826 1822 id
853 1788 938 1833 est,
967 1777 1088 1841 quod
1119 1777 1189 1822 alii
1215 1798 1234 1818 «
1257 1775 1453 1822 Postula-

84 1845 1449 1911 2>tiones,»alfi<‹Interpelhui0nes»interpretatisunt,1n1un2

80 1918 263 1962 verbum
280 1915 502 1962 transferre
517 1916 750 1961 voluerunt
764 1917 880 1980 quod
895 1935 1060 1977 graecus
1074 1917 1207 1963 habet
1219 1956 1228 1969 ,
1245 1916 1446 1969 ἐντεύξεις.

81 1990 136 2034 Et
149 1987 345 2051 profecto
363 1987 547 2033 advertis
562 2024 571 2040 ‚
591 1998 632 2032 et
648 1987 758 2033 nosti
775 1987 892 2034 aliud
911 2006 995 2034 esse
1013 1988 1288 2050 interpellare
1303 2026 1313 2042 ‚
1335 1988 1450 2033 aliud

78 2057 313 2121 postulare.
345 2058 443 2103 Non
465 2059 578 2102 enim
610 2057 796 2103 solemus
813 2058 979 2111 dicere,
1002 2059 1226 2122 postulant
1250 2059 1452 2121 interpel-

81 2129 208 2174 laturi
228 2166 237 2181 ,
262 2128 334 2173 sed
352 2127 627 2191 interpellant
647 2129 906 2191 postulaturi
931 2147 940 2173 :
962 2141 1258 2175 verumtamen
1282 2147 1329 2174 ex
1350 2129 1452 2174 vici-

83 2199 215 2244 nitate
230 2199 410 2243 verbum
427 2209 710 2260 usurpatum,
730 2200 798 2244 cui
816 2200 1121 2263 propinquitas
1140 2199 1231 2262 ipsa
1252 2200 1455 2263 impetrat

84 2268 347 2315 intellectum
363 2306 372 2316 .
393 2279 552 2313 nonest
571 2269 686 2314 velut
707 2270 897 2314 censoria
922 2270 1142 2314 notatione
1161 2268 1447 2332 culpandum.

86 2363 105 2382 «
128 2342 235 2387 Nam
258 2351 299 2386 et
320 2340 372 2385 de
391 2340 485 2402 ipso
508 2341 694 2385 Domino
712 2341 813 2386 jer-‚u
838 2341 1014 2386 Christo
1036 2340 1205 2386 dictum
1226 2352 1287 2386 est
1304 2378 1313 2394 ,
1333 2341 1452 2403 quod

87 2434 107 2454 >³
128 2410 372 2474 interpellat
391 2427 473 2474 pro
508 2411 675 2458 nobis-⁹³.
702 2433 720 2452 n
745 2410 1073 2474 Numquidnam
1107 2409 1381 2474 interpellat,
1415 2421 1454 2455 et

86 2500 174 2528 non
198 2482 324 2527 etiam
347 2480 571 2544 postulat?
600 2482 694 2526 Iino
712 2498 813 2527 vero
833 2481 935 2544 quia
962 2480 1182 2543 postulat,
1212 2498 1290 2543 pro
1314 2498 1362 2526 eo
1380 2498 1460 2544 po-

88 2553 217 2598 situm
240 2561 328 2607 est,
348 2550 605 2614 interpellat.
640 2545 870 2596 Ev'identer
892 2551 1058 2615 quippe
1083 2551 1185 2596 alibi
1209 2551 1262 2597 de
1282 2568 1330 2597 eo
1352 2551 1458 2597 dici-

138 2639 148 2658 1
171 2634 290 2667 Mauh,
315 2644 358 2672 tv,
386 2645 493 2665 10.—
509 2632 614 2665 212-35.
630 2646 660 2673 V,
685 2637 713 2666 Ἣ,
732 2652 775 2658 ·—-
794 2633 806 2656 3
827 2635 923 2665 Hebr.
949 2645 1003 2670 wi,
1028 2635 1081 2667 25,

255 2704 416 2734 exn-11.
1281 2707 1329 2735 ω
