1799 3251
569 300 781 332 EPIsroLA
822 302 968 334 cmv.
1368 290 1461 337 305

80 368 219 416 serit«
242 366 426 415 Solvisse
439 365 598 413 inferni
618 366 812 425 dolores,
830 366 875 413 in
906 367 1072 430 quibus
1087 368 1354 432 impossibile
1371 383 1463 418 erat

83 460 103 482 ›>
128 456 226 485 eum
247 437 434 485 tenerist.
459 459 480 480 >2
502 438 617 494 Quis
647 455 747 497 ergo
772 438 853 483 nisi
885 438 1070 485 infidelis
1098 441 1317 500 negaverit
1338 442 1467 488 fuisse

83 511 202 575 apud
225 509 382 556 inferos
416 508 673 554 Christum?
700 509 829 564 Quod
849 509 882 554 si
902 520 1074 566 movet,
1095 511 1468 574 quemadmodum

83 580 387 644 accipiendum
415 580 469 625 sit
502 579 659 624 inferni
684 579 740 623 ab
775 579 850 625 illo
882 579 1042 625 solutos
1075 580 1275 628 dolores:
1300 583 1468 646 (neque

82 652 197 697 enim
218 662 413 715 coeperat
434 651 479 696 in
507 651 565 696 eis
584 667 669 696 esse
686 661 895 713 tanquam
921 651 967 696 in
999 652 1184 697 vinculis
1201 690 1211 708 ,
1259 664 1298 698 et
1325 654 1384 699 sic
1402 671 1471 700 eos

82 722 210 768 solvit
241 732 450 786 tanquam
485 721 519 766 si
548 732 718 766 catenas
751 720 943 768 solvisset
968 721 1129 783 quibus
1152 721 1291 768 fuerat
1317 723 1471 783 alliga-

83 803 152 838 tus
177 809 188 837 ε
213 792 229 855 )
254 792 380 838 facile
398 801 460 837 est
501 790 738 850 intelligere
762 791 823 837 sic
847 809 916 837 eos
945 792 1106 837 solutos
1141 809 1227 838 esse
1257 794 1474 856 quemad-

82 862 263 908 modum
287 862 394 908 solvi
415 872 595 926 possunt
626 861 769 925 laquei
787 862 1059 917 venantium,
1086 879 1139 907 ne
1163 873 1360 919 teneant;
1387 881 1475 911 non

81 933 184 996 quia
203 943 453 979 tenuerunt.
486 933 638 977 Potest
660 942 700 976 et
718 931 779 977 sic
796 969 807 988 ‚
834 942 883 977 ut
902 949 973 977 eos
998 932 1165 978 dolores
1189 951 1286 979 eum
1305 934 1478 981 solvisse

83 1003 332 1060 credamus,
356 1003 519 1066 quibus
534 1001 668 1047 teneri
688 1002 780 1064 ipse
796 1019 885 1047 non
916 1013 1088 1064 poterat
1102 1040 1113 1059 ‚
1135 1003 1207 1049 sed
1226 1005 1386 1068 quibus
1404 1005 1479 1052 alii

83 1074 361 1129 tenebantur,
385 1089 494 1136 quos
513 1072 584 1118 ille
604 1083 790 1118 noverat
829 1072 1094 1120 liberandos,

151 1144 226 1191 lV.
255 1145 414 1190 Verum
436 1143 613 1206 quinam
643 1143 712 1189 isti
735 1143 848 1200 sint,
886 1143 1168 1189 temerarium
1194 1154 1254 1189 est
1273 1144 1467 1192 definire.

85 1213 131 1259 Si
145 1214 259 1260 enim
274 1231 423 1260 omnes
443 1213 620 1259 omnino
640 1213 872 1258 dixerimus
897 1223 1004 1259 tunc
1032 1231 1120 1259 esse
1137 1214 1346 1261 liberatos
1363 1254 1373 1271 ,
1396 1215 1473 1279 qui

85 1284 174 1331 illic
205 1285 370 1331 inventi
401 1294 525 1337 sunt3
560 1285 656 1348 quis
680 1301 767 1329 non
796 1283 1053 1343 gratuletur,
1082 1285 1116 1330 si
1139 1285 1226 1331 hoc
1256 1287 1473 1349 possimus

87 1355 352 1402 ostendere?
380 1355 623 1419 praesertim
654 1365 837 1418 propter
860 1356 1077 1418 quosdam
1108 1357 1185 1419 qui
1208 1357 1335 1402 nobis
1355 1358 1477 1403 litte—

86 1426 201 1471 rario
237 1425 387 1472 labore
424 1443 500 1471 suo
533 1425 802 1472 familiariter
823 1425 1137 1482 innotuerunt,
1169 1443 1358 1490 quorum
1380 1428 1473 1474 elo-

87 1497 243 1560 quium
291 1496 596 1559 ingeniumque
644 1495 880 1553 miramur3
918 1513 1005 1541 non
1056 1496 1194 1542 solum
1233 1504 1386 1560 poetas
1431 1510 1474 1545 et

89 1580 278 1615 oratores
297 1605 307 1625 ‚
341 1568 418 1631 qui
453 1567 623 1613 eosdem
661 1567 776 1629 ipsos
806 1565 933 1612 falsos
968 1567 1070 1613 deos
1102 1569 1293 1627 gentium
1324 1568 1470 1615 multis

88 1639 402 1704 opusculorum
441 1655 618 1684 suorum
657 1637 764 1683 locis
806 1638 1146 1684 contemnendos
1176 1639 1468 1705 ridendosque

89 1721 410 1766 monstrarunt,
437 1720 478 1755 et
497 1708 733 1773 aliquando
751 1710 882 1754 etiam
903 1726 1041 1754 unum
1062 1711 1204 1755 Deum
1230 1727 1469 1775 verumque

91 1780 273 1827 confessi
296 1791 397 1825 sunt
412 1817 422 1835 ‚
454 1779 652 1843 quamvis
668 1779 742 1824 illa
765 1780 1064 1842 superstitiosa
1091 1796 1191 1825 cum
1212 1782 1378 1826 caeteris
1397 1799 1468 1827 co-

90 1852 227 1897 lerent
249 1869 260 1896 ε
292 1846 573 1897 verumetiam
596 1849 692 1895 illos
711 1850 787 1913 qui
818 1850 916 1895 haec
939 1867 1026 1895 non
1054 1851 1271 1896 cantando
1301 1851 1365 1897 vel
1391 1851 1467 1898 de-

90 1921 345 1976 clamando,
385 1920 458 1966 sed
493 1919 855 1983 philosophando
887 1919 1102 1966 dixerunt.
1136 1921 1303 1967 Multos
1335 1922 1464 1968 etiam

90 2008 282 2056 quorum
302 1991 466 2036 litteras
485 2007 571 2035 non
595 1990 810 2035 habemus
824 2027 835 2047 ,
865 1990 936 2036 sed
959 1990 1004 2035 in
1022 1990 1199 2036 illorum
1218 1991 1370 2038 litteris
1391 1992 1465 2038 di-

92 2063 278 2108 dicimus
304 2061 543 2108 secundum
584 2061 820 2124 quemdam
856 2061 1038 2107 modum
1070 2061 1310 2108 laudabiles
1331 2064 1442 2110 vitas
1454 2100 1465 2123 ‚

93 2143 142 2179 ut
159 2143 336 2195 excepto
372 2132 450 2177 Dei
470 2131 614 2187 cultu,
644 2132 689 2177 in
717 2148 806 2194 quo
826 2142 1081 2177 erraverunt
1112 2132 1300 2178 colentes
1326 2150 1460 2191 vana,

93 2220 192 2266 quae
210 2201 388 2266 publice
407 2201 589 2247 colenda
605 2201 777 2247 fuerant
797 2202 994 2248 instituta
1010 2239 1020 2259 ,
1040 2213 1081 2248 et
1095 2213 1303 2249 creaturae
1318 2205 1468 2267 potius

93 2290 225 2336 quam
250 2271 444 2317 Creatori
477 2272 728 2326 servientes,
754 2272 799 2317 in
823 2272 989 2317 caeteris
1023 2273 1220 2318 moribus
1242 2274 1468 2336 parcimo-

94 2344 180 2390 niae
195 2380 205 2400 ,
235 2342 514 2388 continentiae
530 2379 540 2395 ,
567 2343 773 2388 castitatis
789 2380 798 2397 ‚
827 2343 1070 2388 sobrietatis
1086 2380 1096 2398 ‚
1119 2344 1269 2390 mortis
1286 2361 1367 2407 pro
1385 2364 1470 2410 pa-

97 2414 191 2460 triae
211 2412 345 2459 salute
375 2423 674 2476 contemptus,
706 2424 973 2477 servataeque
1000 2412 1101 2459 fidei
1125 2431 1213 2460 non
1243 2415 1382 2462 solum
1403 2418 1471 2463 ci-

95 2484 226 2532 vibus
244 2521 255 2540 ‚
280 2499 430 2530 verum
450 2494 492 2529 et
514 2483 736 2539 hostibus,
752 2483 955 2530 imitandi
978 2484 1129 2530 merito
1144 2497 1467 2549 proponantur.

96 2554 209 2612 Quae
225 2552 403 2618 quidem
418 2553 564 2599 omnia
576 2570 634 2618 qu
641 2553 754 2601 ando
769 2570 857 2600 non
870 2553 1115 2601 referuntur
1128 2553 1184 2602 ad
1197 2556 1328 2602 finem
1341 2567 1473 2605 rectae

145 2639 156 2663 1
174 2637 245 2671 Lib.
263 2648 322 2669 xxx.
337 2637 377 2669 de
396 2638 479 2670 Gen.
497 2636 538 2669 ad
556 2638 709 2677 litteram,
726 2647 796 2681 cap.
814 2638 866 2669 13.

259 2698 428 2739 extvuss
1288 2708 1347 2739 20
