1799 3251
315 283 407 337 504
740 298 774 329 s.
817 296 1063 330 mensum
1100 298 1307 332 Enscom

315 374 413 409 cato
435 363 659 409 hominem
681 379 768 409 esse
796 366 951 426 posse?
982 364 1090 410 Haec
1121 376 1223 411 sunt
1247 365 1360 411 enim
1389 365 1446 412 ab
1472 365 1547 412 illo
1573 364 1693 412 dicta

314 434 396 479 tria
426 434 667 479 testimonia
704 432 832 479 valde
857 450 1013 493 magna
1042 445 1193 480 contra
1226 435 1482 495 hujusmodi
1509 436 1691 499 impiam

313 504 724 568 praesumptionem,
759 503 881 567 quod
916 504 1149 567 Apostolus
1182 505 1270 561 ait,
1308 505 1456 551 «Plus
1488 506 1693 552 omnibus

314 597 335 618 ›>
352 575 435 621 illis
451 575 667 631 laboravi,
684 592 772 620 non
792 592 870 635 ego
890 586 1052 631 autem,
1075 575 1149 621 sed
1169 576 1306 636 gratia
1319 577 1403 622 Dei
1421 593 1592 622 mecum
1606 575 1625 605 1
1646 594 1692 621 ε»

312 656 378 703 et,
401 646 539 691 «Non
562 645 745 691 volentis
761 683 772 701 ‚
806 663 945 709 neque
977 647 1190 692 currentis
1207 684 1218 703 ,
1257 646 1330 693 sed
1364 647 1604 693 miserentis
1630 657 1692 693 est

313 738 334 758 >³
353 716 461 762 Dei2
485 734 494 760 :
516 737 535 757 »
576 727 648 771 et,
682 737 701 757 «
722 716 812 761 Nisi
849 716 1061 762 Dominus
1092 716 1375 763 aedificaverit
1405 717 1587 763 domum
1608 754 1619 773 ‚
1645 717 1692 763 in

311 807 331 828 ›)
351 803 512 832 vanum
538 785 849 830 laboraverunt
864 785 1130 831 aedificantes
1143 804 1237 832 eam
1250 786 1283 834 3.
1302 808 1321 828 »
1343 786 1578 843 Quomodo
1589 802 1690 846 ergo

310 856 430 919 quod
457 857 572 901 Deus
597 855 726 914 Juhet
743 893 754 911 ,
784 855 874 901 sine
899 855 1115 915 adjutorio
1147 854 1292 919 ipsius'
1307 856 1376 902 vel
1403 856 1579 902 difficile
1607 857 1690 902 im·

311 926 485 990 pletur,
508 942 607 971 cum
634 926 667 971 si
692 925 904 971 Dominus
921 943 1007 971 non
1029 926 1242 982 aedificet,
1274 927 1322 972 in
1346 943 1508 972 vanum
1541 926 1688 971 aedifi-

306 1014 408 1042 cans
428 996 648 1041 laborasse
666 995 869 1041 dicatur?
893 997 1044 1059 Neque
1071 997 1285 1059 scriptum
1304 997 1382 1053 sit,
1414 997 1491 1041 Est
1509 996 1689 1060 quidem

307 1067 489 1112 volentis
509 1103 519 1120 ‚
561 1076 689 1128 atque
724 1066 963 1121 currentis,
991 1065 1160 1112 facilius
1193 1077 1336 1112 autem
1363 1066 1602 1112 miserentis
1625 1077 1690 1112 est

308 1137 417 1191 Dei;
444 1135 512 1181 sed
537 1136 749 1198 scriptum
775 1136 858 1189 sit,
891 1156 912 1176 «
931 1139 1035 1182 Non
1053 1135 1236 1181 volentis
1252 1173 1263 1191 ‚
1290 1152 1430 1199 neque
1455 1136 1687 1192 currentis,

309 1228 328 1247 n
346 1206 418 1252 sed
437 1206 674 1251 miserentis
694 1216 757 1250 est
779 1205 884 1250 Dei?
902 1227 920 1246 ›>
940 1222 1029 1250 non
1047 1206 1150 1269 quia
1166 1205 1288 1251 nulla
1310 1215 1372 1251 est
1393 1205 1585 1251 hominis
1605 1222 1686 1251 vo·-

306 1277 450 1323 luntas
469 1288 599 1339 atque
624 1293 794 1328 cursus,
823 1275 895 1321 sed
914 1276 1017 1339 quia
1042 1276 1155 1322 nihil
1179 1286 1339 1339 potest,
1360 1276 1443 1322 nisi
1461 1275 1532 1321 ille
1559 1275 1690 1321 mise-

308 1358 466 1394 reatur.
491 1348 580 1392 Nec
607 1346 842 1410 Apostolus
861 1345 1015 1392 dixerit
1032 1383 1042 1402 ‚
1067 1347 1122 1392 Et
1137 1364 1241 1405 eg03
1265 1345 1338 1391 sed
1357 1345 1534 1401 dixerit,
1556 1346 1688 1391 «Non

304 1441 325 1461 »
345 1436 423 1478 ego
456 1428 599 1464 autem
620 1454 630 1472 ,
672 1416 745 1462 sed
786 1416 922 1476 gratia
958 1417 1038 1462 Dei
1062 1420 1306 1463 mecump»
1331 1433 1421 1462 non
1458 1417 1561 1479 quia
1595 1415 1689 1479 ipse

305 1489 418 1535 nihil
440 1488 547 1534 boni
572 1488 729 1547 agebat
748 1524 758 1542 ‚
785 1486 858 1532 sed
883 1487 988 1550 quia
1011 1487 1126 1533 nihil
1154 1498 1324 1547 ageret,
1347 1488 1380 1533 si
1404 1486 1476 1532 illa
1496 1503 1585 1531 non
1604 1486 1688 1532 ad-

299 1563 485 1619 juvaret.
518 1559 783 1621 Quanquam
804 1557 878 1602 illa
896 1556 1164 1619 possibilitas
1187 1557 1317 1603 liberi
1341 1556 1510 1602 arbitrii
1535 1566 1622 1602 tam
1641 1556 1687 1601 in

304 1630 471 1675 bonum
501 1644 634 1691 quam
663 1628 708 1672 in
732 1626 896 1672 malum
922 1644 969 1672 ex
989 1644 1115 1690 aequa
1133 1627 1270 1673 lancis
1296 1626 1584 1691 perpensione
1607 1643 1687 1671 nec

303 1700 410 1745 huic
433 1698 633 1744 facilitati
653 1697 799 1743 locum
824 1698 1051 1761 relinquit,
1082 1715 1215 1761 quam
1237 1698 1388 1744 saltem
1411 1697 1584 1743 videtur
1601 1713 1688 1743 esse

303 1769 520 1816 confessus
539 1768 750 1823 dicendo,
779 1768 1003 1814 «Facilius
1040 1779 1224 1831 possunt
1253 1767 1435 1831 implere
1468 1784 1546 1830 per
1581 1784 1685 1827 gra-

302 1841 405 1886 tiam
424 1876 435 1895 ,
475 1838 646 1884 facilius
687 1838 896 1901 impletur
929 1856 1009 1901 per
1045 1839 1228 1899 gratiam
1252 1839 1422 1884 bonum
1441 1874 1452 1892 ‚
1480 1836 1686 1883 facillime

304 1921 447 1956 autem
471 1910 560 1955 sine
582 1910 719 1969 gratia
740 1910 790 1954 fit
812 1908 1001 1954 malum:
1035 1931 1054 1951 »
1080 1908 1278 1972 profecto
1308 1909 1389 1954 ista
1419 1907 1685 1971 possibilitas

306 1998 391 2026 non
408 1997 531 2043 aequa
556 1979 679 2025 lance
703 1979 1007 2042 perpenditur.

368 2050 599 2096 XXXVII.
626 2049 711 2094 Sed
733 2049 839 2112 quid
867 2049 1030 2112 plura?
1057 2050 1154 2094 Non
1174 2049 1314 2094 solum
1335 2048 1389 2094 ad
1411 2049 1514 2094 istos
1537 2049 1685 2095 vitan-

305 2121 382 2166 dos
418 2120 535 2166 cauti
571 2136 657 2164 esse
694 2118 934 2176 debemus,
970 2120 1253 2165 verumetiam
1277 2119 1330 2164 ad
1363 2119 1586 2164 docendos
1618 2120 1685 2165 vel

305 2190 545 2237 monendos
564 2227 574 2245 ,
603 2193 637 2235 si
660 2190 889 2253 patiantur
908 2227 918 2246 ‚
952 2191 1193 2253 pigrescere
1216 2207 1305 2235 non
1331 2189 1554 2237 debemus.
1581 2190 1684 2237 Plus

305 2262 364 2308 eis
384 2272 529 2307 tamen
550 2261 639 2305 sine
668 2259 944 2306 dubitatione
971 2271 1247 2324 praestamus,
1274 2261 1307 2306 si
1331 2271 1379 2305 ut
1410 2260 1685 2320 corrigantur

304 2348 502 2386 oremus,
542 2347 594 2375 ne
626 2347 727 2376 cum
767 2331 899 2376 tantis
934 2331 1114 2391 ingeniis
1149 2330 1216 2376 vel
1255 2341 1456 2394 pereant,
1483 2330 1549 2376 vel
1580 2331 1682 2377 alios

304 2403 492 2468 perdant
515 2402 861 2464 praesumptione
881 2401 1137 2448 damnabili.
1173 2423 1192 2442 «
1211 2402 1325 2457 Quia
1346 2400 1485 2446 zelum
1508 2401 1585 2446 Dei
1604 2401 1683 2447 ha-

305 2499 327 2522 »
344 2478 474 2531 bem,
503 2473 576 2520 sed
601 2491 688 2519 non
719 2474 960 2520 secundum
989 2474 1216 2520 scientiam
1240 2494 1251 2527 ;
1275 2496 1293 2515 ›>
1318 2473 1363 2519 id
1387 2484 1471 2528 est,
1500 2494 1519 2515 «
1541 2474 1682 2520 Justi-

303 2571 324 2592 »
357 2548 459 2594 tiam
479 2562 580 2609 quae
600 2563 623 2590 a
643 2546 734 2590 Deo
754 2556 816 2590 est
839 2546 1284 2605 ignorantes‚etsuam
1303 2545 1495 2591 volentes
1512 2546 1677 2591 consti--

346 2632 355 2652 ¹
380 2642 391 2660 1
411 2631 484 2660 Cor.
503 2639 554 2665 xv,
580 2639 632 2659 xo.
652 2646 694 2653 —›
711 2626 726 2649 2
741 2630 834 2659 Rom.
854 2639 897 2665 ix,
921 2629 975 2662 16.
991 2647 1031 2654 —
1053 2625 1068 2650 ³
1089 2628 1167 2660 Psal.
1191 2639 1300 2667 cxxvr,
1323 2639 1352 2659 ι.
