1799 3251
300 244 391 299 454
720 260 753 288 s.
789 259 1041 289 VAtJGUSTlNI
1079 259 1278 289 EPISCOPI

299 323 503 369 cultatem
529 323 975 371 redeundidederunt.
999 324 1082 370 Sed
1105 335 1252 387 postea
1264 342 1310 370 ex
1321 324 1424 387 ipsis
1442 326 1673 373 duodecim

301 393 511 457 quosdam
528 431 538 447 ‚
562 405 664 439 etex
683 394 767 439 illis
788 395 947 457 quibus
964 395 1116 441 dilatio
1135 395 1233 440 data
1251 395 1417 450 fuerat,
1444 407 1540 459 post
1559 396 1676 443 diem

303 463 492 528 positum
516 465 740 510 redeuntes
759 502 768 520 ‚
797 477 978 529 propter
995 483 1151 530 pacem
1176 483 1294 511 suam
1320 467 1363 512 in
1388 468 1472 512 suis
1493 467 1677 513 bonori-

303 534 385 580 bus
406 545 714 596 susceperunt3
739 546 778 580 et
803 552 1101 599 quoscumque
1120 546 1235 580 extra
1259 536 1450 598 ipsorum
1476 553 1678 583 commu-

303 604 476 649 nionem
516 604 711 649 damnati
754 605 1112 668 baptizaverant,
1150 606 1419 669 rebaptizare
1457 624 1544 652 non
1589 607 1680 652 ausi

306 685 419 722 sunt.
455 675 605 738 Coepit
635 675 722 721 boc
747 693 895 721 corum
916 676 1080 722 factum
1106 687 1254 722 contra
1282 677 1376 722 illos
1402 694 1482 740 pro
1507 677 1680 723 Catho-

306 745 390 791 lica
413 744 601 790 multum
628 744 768 791 valere
784 782 796 801 ,
826 757 874 791 ut
897 763 970 792 ora
987 764 1135 792 eorum
1164 747 1335 809 penitus
1354 746 1675 793 clauderentur.

309 815 421 872 Quae
438 832 502 860 res
526 832 625 860 cum
650 815 789 879 (sicut
807 816 1063 879 oportebat)
1078 816 1131 861 ad
1147 816 1359 862 sanandos
1378 818 1434 862 ab
1452 817 1684 862 schismate

310 886 474 943 animos
499 886 731 931 hominum
767 898 1041 949 spargeretur
1062 888 1290 932 instantius
1307 924 1317 943 ,
1344 898 1386 933 et
1407 904 1683 950 quaquaver-

307 963 402 1002 sum
422 966 616 1020 poterat,
647 956 979 1002 (latholicorum
1000 957 1273 1002 sermonibus
1299 974 1347 1003 ac
1372 955 1687 1020 disputationi-

309 1027 394 1073 bus
416 1037 747 1081 monstraretur,
772 1043 841 1071 eos
865 1044 943 1089 pro
964 1044 1070 1090 pace
1095 1028 1253 1072 Donati
1279 1037 1320 1072 et
1349 1026 1574 1072 damnatos
1593 1042 1688 1071 suos

309 1097 354 1143 in
383 1097 594 1143 honorem
629 1113 754 1154 suum
788 1098 1004 1156 integrum
1035 1098 1271 1159 suscepisse
1291 1134 1300 1150 ‚
1327 1108 1368 1142 et
1392 1098 1686 1159 baptismum,

312 1184 441 1230 quem
463 1166 679 1221 damnati,
715 1166 777 1211 vel
803 1168 931 1212 etiam
954 1167 1104 1222 dilati,
1128 1167 1232 1212 foris
1252 1168 1308 1212 ab
1330 1167 1518 1212 Ecclesia
1542 1182 1691 1212 eorum

316 1236 525 1283 dederant
543 1275 552 1292 ,
583 1254 667 1281 non
694 1253 816 1282 ausos
840 1236 968 1283 fuisse
995 1237 1262 1290 rescindere3
1289 1247 1330 1282 et
1359 1236 1455 1282 orbi
1483 1247 1692 1281 terrarum

316 1318 469 1353 contra
512 1325 661 1370 pacem
699 1307 863 1352 Christi
891 1307 1302 1352 contaminationem
1328 1307 1470 1351 nescio
1504 1322 1694 1369 quorum

318 1377 506 1436 objicere
528 1387 808 1439 peccatorum
824 1414 834 1432 ‚
854 1389 1119 1423 etevacuare
1140 1378 1407 1440 baptismum
1426 1376 1467 1421 in
1487 1376 1570 1421 illis
1588 1393 1697 1439 quo-

319 1464 404 1510 que
422 1447 609 1492 ecclesiis
629 1446 780 1493 datum
798 1484 808 1502 ‚
835 1447 949 1493 unde
967 1448 1011 1493 in
1039 1448 1226 1493 Africam
1252 1448 1526 1508 venitipsum
1555 1448 1697 1491 Evan-

322 1517 479 1577 gelium
510 1534 520 1561 :
557 1516 735 1580 plurimi
760 1517 1162 1572 confundebantur,
1192 1528 1232 1562 et
1264 1516 1487 1563 manifesta
1520 1516 1700 1561 veritate

322 1587 622 1633 erubescentes
658 1587 1007 1647 corrigebantur,
1052 1588 1178 1633 solito
1213 1588 1438 1642 crebrius,
1480 1597 1522 1631 et
1561 1586 1700 1632 multo

327 1658 458 1717 magis
485 1657 752 1721 ubicumque
774 1658 828 1702 ab
850 1675 998 1703 eorum
1029 1658 1193 1703 saevitia
1214 1657 1457 1721 respirabat
1482 1657 1700 1720 aliquanta

326 1731 521 1777 libertas.

394 1805 561 1850 XVIII.
595 1806 706 1850 'sum
739 1823 838 1851 vero
871 1805 933 1850 illi
973 1806 1032 1850 sic
1068 1816 1340 1860 exarserunt,
1373 1815 1414 1850 et
1449 1804 1578 1849 tantis
1603 1814 1704 1849 sunt

331 1875 530 1920 odiorum
561 1875 745 1921 stimulis
774 1875 970 1928 incitati,
1003 1886 1051 1921 ut
1087 1886 1240 1921 contra
1271 1892 1417 1921 eorum
1443 1874 1620 1920 insidias
1643 1884 1703 1919 at-

331 1963 416 2008 que
435 1945 658 1991 violentias
683 1956 722 1991 et
758 1946 1025 2009 apertissima
1052 1946 1301 2001 latrocinia,
1336 1947 1404 1991 xix
1431 1945 1530 1990 ullae
1550 1955 1706 1990 nostrae

332 2016 653 2061 communionis
674 2015 879 2061 Ecclesiae
900 2027 1075 2079 possent
1106 2032 1192 2061 esse
1224 2031 1386 2060 seeurae
1401 2052 1412 2070 ‚
1441 2015 1508 2059 vix
1533 2014 1620 2059 ulla
1637 2014 1708 2060 via

333 2096 451 2142 tuta,
491 2103 577 2148 qua
606 2086 686 2130 iter
728 2097 900 2146 agerent
931 2086 1199 2149 quicumque
1223 2085 1425 2131 adversus
1463 2101 1610 2130 eorum
1634 2102 1708 2130 ra-

335 2156 450 2202 biem
474 2173 626 2220 pacem
643 2157 904 2202 catholicam
931 2157 1246 2219 praedicarent‚
1275 2171 1511 2218 eorumque
1537 2155 1710 2200 demen-

338 2227 443 2272 tiam
464 2226 694 2290 perspicua
715 2244 779 2272 vei
792 2227 893 2271 itate
911 2227 1231 2273 convincerent.
1253 2227 1398 2289 [sque
1413 2226 1518 2271 adeo
1536 2241 1712 2288 prorsus

342 2314 429 2343 non
449 2295 587 2342 solum
609 2295 729 2342 la'icis
752 2332 760 2351 ‚
785 2297 849 2342 vel
876 2296 1146 2361 quibuslibet
1166 2296 1332 2342 clericis
1351 2333 1360 2347 ,
1387 2296 1457 2340 sed
1482 2296 1584 2358 ipsis
1606 2311 1713 2359 quo-

341 2385 425 2432 que
460 2367 675 2431 episcopis
711 2367 965 2423 catholicis,
1007 2367 1200 2431 quodam
1225 2366 1357 2412 modo
1382 2366 1714 2429 proponebatur

341 2439 451 2484 (lura
475 2436 686 2483 conditio.
709 2439 797 2482 Aut
821 2438 934 2483 enim
953 2437 1132 2483 tacenda
1153 2448 1244 2483 erat
1262 2437 1418 2484 veritas
1439 2474 1447 2490 ‚
1477 2447 1549 2482 aut
1566 2453 1713 2482 eorum

342 2507 588 2556 immanitas
605 2506 871 2569 perferenda.
900 2508 985 2554 Sed
1001 2509 1035 2554 si
1050 2509 1205 2555 veritas
1218 2518 1448 2562 taceretur,
1471 2524 1557 2552 non
1576 2507 1715 2552 solum

337 2595 464 2626 nemo
487 2577 629 2625 fuerat
659 2583 749 2638 ejus
774 2577 943 2626 silentio
963 2578 1218 2627 liberandus
1238 2616 1249 2636 ,
1277 2578 1349 2625 sed
1375 2577 1502 2623 multi
1519 2577 1649 2624 ctiam
1666 2576 1716 2626 il-
