1799 3251
577 272 786 304 :PISTOLA
822 275 1035 308 CLxxxnr.
1401 274 1492 336 437

124 355 204 386 nec
228 338 391 386 alicubi
414 339 550 403 possit
568 339 742 400 agnosci
764 356 775 384 ε
803 339 890 387 sive
913 342 958 387 in
982 345 1133 406 quovis
1158 356 1370 397 terrarum
1396 352 1495 399 loco

125 409 284 470 degant
300 446 311 465 ‚
335 410 414 456 Dei
441 410 574 456 nostri
593 409 883 456 misericordia
905 414 1126 478 gratiaque
1144 418 1359 466 credimus
1375 422 1496 485 quod

122 479 250 526 facile
263 481 555 541 corrigantur,
580 479 727 525 audita
744 484 833 539 ejus
857 481 1134 531 damnatione
1155 488 1230 550 qui
1252 488 1382 536 fuerit
1399 509 1496 555 per-

123 551 240 597 tinax
266 562 308 597 et
337 552 532 597 resistens
562 551 695 611 hujus
725 550 940 611 dogmatis
973 566 1124 602 auctor
1153 559 1352 606 inventus
1377 579 1388 606 ε
1416 579 1495 609 nec

120 621 296 667 interest
313 621 391 667 ubi
412 621 482 666 isti
501 621 659 667 fuerint
673 657 685 677 ,
709 619 816 667 dum
837 622 1105 688 ubicumque
1128 627 1313 676 inveniri
1331 642 1494 695 potue-

119 692 208 737 rint
220 692 304 738 sint
322 691 516 738 sanandi.
540 711 560 733 ›>

183 764 267 810 Ill.
311 764 490 810 «Nobis
524 774 668 809 tamen
699 780 779 810 nec
816 765 1066 827 persuaderi
1098 778 1238 830 potest
1270 789 1367 818 eum
1406 792 1493 822 esse

117 844 382 898 purgatum,
410 834 608 898 quamvis
641 833 696 879 ad
731 851 808 879 nos
839 852 860 879 a
883 837 1025 881 nescio
1057 839 1219 900 quibus
1252 841 1372 888 laicis
1407 845 1494 892 sint

119 906 248 951 Gesta
277 905 467 968 perlata,
492 905 652 968 quibus
677 905 746 950 ille
771 915 813 950 et
839 906 1034 952 auditum
1061 925 1102 953 se
1126 910 1317 957 crederet
1342 926 1382 960 et
1408 916 1492 962 ab-

116 975 343 1021 solutum:
373 992 473 1038 quae
511 986 658 1020 utrum
690 992 789 1019 vera
818 976 903 1020 sint
938 977 1215 1035 dubitamus,
1254 979 1492 1044 quod'sub

115 1046 237 1092 nulla
276 1046 392 1092 illius
425 1045 598 1091 concilii
633 1048 938 1109 prosecutione
969 1062 1207 1105 venerunt,
1237 1070 1315 1098 nec
1343 1071 1492 1104 eorum

117 1116 284 1180 aliquas
313 1117 561 1179 accepimus
586 1116 740 1161 dehac
763 1117 1008 1173 renueras,
1034 1120 1149 1182 apud
1170 1139 1280 1184 quos
1298 1123 1418 1170 istius
1431 1127 1493 1173 rei

114 1187 193 1233 iste
216 1187 422 1251 praestitit
444 1204 605 1233 causas.
635 1187 764 1242 Quod
785 1188 818 1232 si
843 1187 895 1232 dc
911 1206 985 1233 sua
1008 1189 1076 1234 iile
1093 1193 1304 1252 potuisset
1326 1212 1492 1256 purga-

114 1258 231 1303 tIOne
255 1257 474 1303 confidere
492 1294 502 1312 ,
527 1258 614 1302 hoc
632 1258 766 1316 magis
793 1259 1009 1304 credimus
1039 1261 1156 1322 quod
1176 1264 1351 1321 egisset,
1373 1267 1493 1329 quod

112 1328 253 1374 multo
275 1328 418 1372 verius
442 1345 528 1372 esse
551 1339 782 1390 potuerat,
805 1340 852 1373 ut
875 1328 970 1373 illos
986 1343 1153 1389 cogeret
1170 1334 1358 1395 epistolis
1380 1338 1489 1395 suis,

115 1399 192 1462 qui
212 1397 590 1457 dijudicaverunt7
612 1397 820 1444 indicare.
860 1398 1018 1443 Verum
1046 1417 1145 1445 cuin
1169 1404 1252 1446 sint
1277 1404 1418 1467 aliqua
1444 1407 1490 1453 in

110 1468 216 1532 ipsis
240 1470 379 1531 posita
405 1469 546 1513 Gestis
563 1504 573 1520 ,
603 1484 702 1531 quae
723 1468 891 1526 objecta
915 1470 1072 1530 partim
1101 1471 1168 1515 illc
1188 1473 1366 1519 vitando
1388 1493 1490 1538 sup-

109 1540 290 1602 pressit,
318 1539 476 1601 partim
503 1537 636 1582 multa
663 1539 707 1582 in
737 1555 778 1582 sc
800 1539 930 1582 verba
958 1542 1247 1602 retorquendo
1274 1554 1358 1588 tota
1381 1546 1488 1590 obs-

110 1609 293 1654 curitate
315 1607 516 1653 confudit
542 1625 552 1650 :
582 1607 727 1669 aliqua
752 1608 887 1665 magis
922 1608 1037 1652 falsis
1070 1614 1331 1669 argumentis
1353 1631 1486 1677 quam

109 1695 206 1725 vcra
230 1679 418 1735 ratione,
446 1676 562 1722 utad
587 1688 756 1739 tenipus
778 1688 945 1739 poterat
970 1678 1103 1723 videri
1123 1717 1132 1731 ‚
1161 1684 1382 1742 purgavit,
1404 1702 1484 1730 ne-

109 1749 252 1810 gando
277 1749 358 1794 alia
375 1785 385 1799 ,
409 1748 490 1792 alia
519 1747 620 1792 falsa
641 1747 994 1809 interpretatione
1019 1750 1239 1797 vertendo.
1266 1775 1286 1793 >)

175 1820 248 1864 lV.
275 1840 296 1860 «
317 1818 401 1863 Sed
427 1819 611 1869 utinam,
646 1817 765 1880 quod
793 1818 1032 1879 optandum
1059 1821 1189 1878 magis
1210 1833 1294 1877 est,
1318 1826 1409 1881 J'am
1434 1842 1476 1870 se

106 1890 178 1936 ille
196 1889 250 1935 ad
269 1906 412 1935 veram
434 1888 666 1934 catholicae
689 1887 789 1932 fidei
813 1888 925 1932 viam
946 1889 1000 1932 ab
1023 1889 1097 1933 illo
1117 1891 1181 1935 sui
1208 1894 1388 1938 tramitis
1410 1911 1481 1940 er-

106 1977 204 2007 rore
230 1969 478 2010 convertat,
512 1969 560 2004 ut
590 1959 740 2021 cupiat
765 1957 954 2021 velitque
978 1960 1182 2021 purgari,
1205 1962 1482 2010 considerans

106 2031 410 2096 quotidianam
444 2029 523 2074 Dei
559 2030 764 2089 gratiam,
801 2028 1157 2092 adjutoriumque
1189 2048 1477 2091 cognoscens,

107 2113 156 2149 ut
174 2102 375 2149 videatur
396 2117 546 2146 verum
563 2137 574 2156 ,
601 2110 642 2145 et
670 2099 941 2162 approbetur
956 2100 1010 2144 ab
1029 2101 1234 2147 omnibus
1254 2104 1481 2151 manifesta

106 2173 272 2219 ratione
288 2181 527 2228 correctus,
545 2187 634 2215 non
657 2171 890 2215 Gestorum
904 2169 1068 2215 indicio
1084 2207 1095 2226 ‚
1124 2171 1197 2216 sed
1216 2173 1270 2217 ad
1296 2174 1482 2221 catholi-

106 2261 201 2290 cam
221 2242 350 2288 fidem
372 2240 503 2287 corde
526 2257 746 2287 converso.
782 2239 906 2285 Unde
933 2257 1020 2285 non
1040 2257 1274 2303 possumus
1306 2243 1481 2291 illorum

105 2331 185 2360 nec
220 2313 398 2376 culpare
422 2328 501 2356 nec
539 2311 784 2374 approbare
812 2310 1058 2369 judicium,
1099 2327 1200 2356 cum
1238 2314 1479 2361 nesciamus

106 2394 254 2430 utrum
291 2400 390 2428 vera
417 2383 500 2427 sint
532 2382 688 2437 Gesta,
727 2391 800 2426 aut
829 2385 863 2425 si
887 2398 986 2425 vera
1019 2390 1142 2434 sunt,
1169 2381 1292 2427 illum
1313 2395 1479 2430 constet

105 2456 240 2516 magis
257 2454 583 2514 subterfugisse,
611 2470 743 2518 quam
767 2470 808 2498 se
834 2462 923 2497 tota
952 2452 1130 2497 veritate
1145 2470 1362 2516 purgasse.
1389 2456 1479 2511 Qui

106 2526 139 2572 si
156 2524 339 2570 confidit
352 2525 556 2588 novitque
572 2540 655 2568 non
670 2540 711 2569 se
730 2533 874 2568 nostra
886 2522 1067 2582 dignum
1077 2539 1162 2567 esse
1173 2523 1450 2570 damnatione
1462 2562 1474 2579 ,

104 2596 226 2660 quod
243 2595 361 2643 dicat
376 2599 469 2657 jam
491 2605 632 2642 totum
652 2595 739 2642 hoc
755 2611 796 2641 se
819 2593 1022 2640 refutasse
1044 2592 1163 2656 quod
1181 2592 1365 2651 dixerat,
1387 2611 1476 2642 non
