1799 3251
546 296 757 328 EPISTULA
794 295 955 326 CXLVII.
1365 293 1440 324 1‘21

84 368 309 415 Zachariae
355 364 595 417 sacerdoti,
631 380 677 408 ex
713 363 796 407 hac
835 363 1057 406 occasione
1092 358 1189 405 vide
1214 369 1375 423 quanta
1407 369 1450 405 et

78 438 223 503 qualia
243 438 296 483 (le
316 437 396 481 Dei
418 435 546 480 etiam
575 434 734 478 visione
755 431 965 477 disseruit.

139 509 305 555 XVIII.
347 508 360 569 [
382 505 499 551 Non‘l
528 503 742 549 immerito
762 540 772 558 ,
801 503 943 565 inquit
960 539 970 557 ,
1002 501 1187 561 Angelus
1210 499 1383 547 videtur
1406 499 1450 545 in

76 579 259 641 tempto;
281 578 382 640 qnia
404 576 490 622 veri
519 573 751 620 sacerdotis
770 577 863 633 jam
893 572 1179 617 nuntiabatur
1205 570 1414 616 adventus
1433 606 1444 625 ‚

74 659 116 694 et
137 647 307 708 coeleste
330 645 593 691 sacrificium
608 644 870 707 parabatur,
892 643 935 687 in
960 659 1047 705 quo
1063 641 1215 701 Angeli
1232 641 1446 686 ministra-

74 729 182 764 rent.
226 719 278 762 Et
313 717 421 761 bene
457 715 705 777 apparuisse
740 713 903 759 dieitur
936 713 1001 765 ei,
1029 712 1230 775 quicum
1270 721 1446 774 repente

78 788 314 851 conspexit.
348 787 443 831 Hoc
476 785 736 847 specialiter,
769 795 843 829 aut
863 783 916 828 de
946 782 1144 842 Angelis.
1174 791 1249 827 aut
1271 781 1324 827 de
1354 782 1449 826 Deo

79 859 307 921 Scriptura
335 855 481 901 divina
518 866 658 899 tenere
690 855 938 908 consuevit,
969 864 1014 898 ut
1046 851 1165 916 quod
1197 869 1284 897 non
1309 861 1451 914 potest

81 927 311 991 praex‘ideri
327 963 336 972 .
369 943 576 988 apparere
600 925 789 970 dicatur.
824 925 894 969 Sic
914 925 1026 969 enin]
1059 922 1198 967 habes
1223 939 1233 966 ε
1255 943 1274 962 «
1296 925 1450 984 Appa-

80 1020 99 1039 »
125 998 210 1043 ruit
250 998 363 1041 Deus
401 995 593 1041 Abrahae
616 995 686 1040 'ad
719 995 860 1040 ilicem
898 994 1095 1039 Mambre
1118 993 1151 1036 2.
1181 1015 1199 1033 »
1221 993 1330 1037 Nam
1351 992 1454 1055 quia

80 1079 177 1114 ante
211 1084 296 1112 non
332 1066 625 1129 praesentitur‚
665 1065 738 1111 sed
773 1065 997 1129 repentino
1032 1063 1204 1109 videtur
1243 1073 1448 1125 aspectu,

80 1153 288 1201 apparere
310 1146 585 1182 memoratur.
616 1138 714 1181 Non
733 1135 845 1180 enim
865 1134 1059 1180 similiter
1075 1132 1290 1179 sensibilia
1305 1131 1451 1177 viden-

80 1219 169 1262 tur,
196 1218 236 1253 et
262 1207 294 1251 is
320 1207 362 1251 in
391 1209 518 1265 cujus
549 1205 771 1251 voluntate
795 1206 925 1250 situm
963 1216 1025 1249 est
1049 1203 1215 1259 videri,
1251 1213 1293 1247 et
1329 1204 1453 1260 cujus

79 1289 249 1324 naturae
285 1287 345 1322 est
368 1294 456 1321 non
495 1276 654 1331 videri,
699 1276 936 1321 voluntatis
966 1274 1119 1321 videri.
1151 1273 1262 1318 Nam
1301 1271 1332 1317 si
1363 1288 1451 1316 non

80 1349 196 1404 vult,
222 1365 309 1393 non
327 1347 522 1400 videtum
548 1347 581 1392 si
600 1347 717 1399 vult,
745 1346 932 1392 videtur.
957 1344 1177 1408 Apparuit
1195 1343 1307 1388 enim
1335 1344 1453 1386 Deus

83 1418 298 1473 Abrahae,
325 1417 427 1480 quia
450 1416 615 1469 voluit3
642 1416 734 1462 aliis
752 1453 762 1472 ,
797 1415 899 1479 quia
924 1414 1087 1468 noluit,
1119 1431 1204 1459 non
1229 1412 1445 1476 apparuit.

82 1512 103 1531 «
118 1490 266 1535 Visum
291 1499 351 1533 est
373 1488 497 1533 etiam
521 1488 746 1551 Stephano
762 1524 771 1542 ‚
796 1504 895 1532 curn
917 1486 1188 1549 lapidaretur
1208 1503 1230 1530 a
1254 1483 1448 1547 populo,

84 1583 104 1602 »
126 1559 279 1624 aperiri
302 1558 463 1604 coelum
481 1559 512 1606 ³.
543 1581 562 1599 »
584 1559 707 1604 Visus
723 1569 784 1603 est
810 1558 940 1603 etiam
963 1558 1083 1602 Jesus
1095 1567 1209 1602 stans
1231 1555 1285 1600 ad
1305 1555 1453 1600 dexte-

83 1648 174 1677 ram
209 1631 286 1675 Dei
307 1667 316 1683 ,
344 1640 385 1674 et
420 1646 507 1674 non
537 1629 653 1675 visus
680 1640 740 1675 est
765 1648 786 1675 a
813 1628 994 1692 populo.
1025 1627 1144 1672 Vidit
1166 1628 1294 1671 Isaias
1314 1626 1453 1670 Deum

83 1699 312 1748 sabaoth&
338 1699 409 1744 secl
443 1698 550 1744 alius
570 1699 714 1744 videre
735 1716 822 1743 non
848 1698 1015 1760 potuit,
1043 1696 1145 1759 quia
1181 1696 1253 1741 cui
1285 1694 1455 1758 placuit

87 1771 305 1835 apparuit.
336 1770 391 1814 Et
414 1768 519 1831 quid
549 1770 602 1813 de
634 1769 889 1814 hominibus
916 1768 1155 1830 loquimur,
1186 1782 1287 1811 eum
1326 1764 1453 1809 etiam

86 1841 139 1886 de
157 1841 259 1904 ipsis
284 1838 533 1885 coelestibus
567 1838 802 1884 virtutibus
826 1849 866 1883 et
891 1837 1177 1900 potestatibus
1199 1835 1424 1895 legerimus
1440 1869 1450 1888 ‚

87 1911 190 1974 quia
209 1932 227 1952 α
257 1912 395 1955 Deum
425 1926 550 1954 nemo
571 1909 680 1954 vidit
709 1925 897 1972 unquam
918 1945 928 1964 ‚
954 1930 972 1949 »
993 1918 1035 1952 et
1056 1906 1178 1952 addit
1198 1904 1318 1969 quod
1343 1904 1455 1949 ultra

87 1980 280 2026 coelestes
299 1989 358 2024 est
374 1989 628 2042 potestates:
647 1999 666 2019 c<
686 1979 940 2037 Unigenitus
961 1978 1113 2030 Filius,
1128 1976 1202 2040 qui
1223 1976 1344 2021 estin
1362 1974 1458 2019 sinu

88 2072 108 2092 »
126 2051 286 2103 Patris,
310 2051 400 2112 ipse
427 2049 629 2095 narravit.
659 2071 677 2090 2>
700 2051 786 2095 Aut
811 2049 1109 2112 acquiescatur
1130 2047 1262 2106 igitur
1292 2060 1457 2090 necesse

87 2131 175 2177 est,
197 2121 227 2166 si
257 2121 394 2165 Deum
417 2120 590 2164 Patrem
613 2136 738 2164 nemo
755 2119 865 2164 vidit
893 2135 1110 2181 unquam,
1140 2117 1296 2162 Filium
1319 2115 1456 2161 visum

87 2208 172 2236 esse
196 2191 239 2235 in
253 2189 391 2235 Veteri
412 2191 710 2242 Testament03
734 2199 775 2233 et
798 2189 995 2234 desinant
1014 2186 1209 2233 baeretici
1229 2203 1275 2230 ex
1292 2184 1456 2244 virgine

88 2262 125 2306 ei
154 2261 417 2324 principium
447 2259 547 2304 clare
566 2297 576 2311 ,
603 2261 678 2324 qui
704 2271 934 2323 antequam
958 2268 1203 2305 nasceretur
1225 2274 1270 2302 ex
1294 2256 1460 2315 virgine

88 2331 332 2377 videbatur.
367 2334 451 2376 Aut
484 2341 597 2376 certe
623 2331 756 2377 refelli
784 2348 869 2376 non
891 2340 1052 2394 potest,
1077 2328 1143 2374 vel
1168 2329 1341 2373 Patrem
1357 2362 1367 2382 ,
1392 2325 1459 2371 vel

89 2401 249 2447 Filium
266 2439 276 2458 ‚
299 2401 365 2447 vel
389 2411 502 2446 certe
527 2401 740 2465 Spiritum
761 2412 956 2447 sanctum
973 2438 983 2456 ‚
1007 2400 1039 2445 si
1068 2411 1210 2444 tamen
1237 2408 1298 2444 est
1316 2396 1460 2461 Spiri-

89 2482 158 2518 tus
177 2473 313 2518 sancti
334 2472 440 2517 visio
455 2509 465 2526 ,
488 2489 535 2518 ea
555 2473 697 2536 specie
713 2472 849 2518 videri
866 2509 875 2528 ,
899 2487 1030 2534 quam
1053 2469 1250 2515 voluntas
1269 2466 1458 2532 elegerit,

93 2559 181 2588 non
198 2553 353 2588 natura
370 2541 647 2596 formaverim
664 2543 871 2607 quoniam
895 2541 1107 2605 Spiritum
1130 2557 1304 2603 quoque
1321 2538 1461 2583 visum

139 2625 147 2647 ¹
170 2626 284 2657 omnia
312 2636 381 2667 ‹111ae
405 2626 435 2656 in
461 2626 584 2657 uncinis
617 2626 825 2658 includuntur
854 2630 883 2658 S.
914 2623 1073 2658 Ambrosii
1090 2624 1186 2656 veiha
1198 2620 1461 2655 sunt.—²Gen.

92 2691 183 2722 xviv,
201 2693 227 2713 1.
244 2698 286 2704 —
307 2679 320 2703 3
335 2682 409 2716 Act.
429 2683 615 2721 x1t,55.2—
631 2680 644 2704 ⁴⁵
664 2683 733 2716 [sai.
751 2693 793 2723 xi,
815 2693 842 2716 1,
