1799 3251
536 271 747 302 EmsrorA
782 272 1004 303 crxxxvu.
1377 261 1469 322 509

106 337 212 382 trior
247 336 357 381 mihi
394 335 440 380 in
466 335 676 380 charitate
710 335 898 392 Christi,
934 353 1066 399 quam
1100 338 1146 382 in
1170 338 1303 397 hujus
1325 340 1474 386 saeculi

106 406 340 467 dignitate,
368 405 520 451 litteris
557 405 640 451 tuis
674 405 840 451 tardius
876 407 1144 469 respondisse
1165 424 1296 470 quam
1319 408 1467 456 debui.

105 479 242 535 CuJus
264 475 323 520 rei
337 491 486 520 causas
508 474 664 520 nollem
686 491 900 537 quaereres
917 512 927 530 ‚
957 493 1009 521 ne
1030 476 1247 522 molestius
1270 494 1337 522 me
1363 478 1472 523 feras

105 544 268 590 diutius
297 555 569 590 excusantem
593 581 603 600 ‚
639 561 770 606 quam
801 544 1016 606 pertulisti
1046 545 1207 591 tardius
1232 546 1475 592 rescriben—

104 626 219 660 tem:
248 631 349 660 cum
377 631 453 674 ego
477 625 517 659 te
536 613 683 659 malim
709 615 931 659 offensioni
956 632 1063 660 meae
1082 615 1206 661 facile
1222 616 1441 675 ignoscere
1458 652 1470 672 ‚

104 701 235 748 quam
277 684 330 729 de
366 702 461 730 mea
503 683 748 729 defensione
783 683 982 742 judicare
1019 702 1029 728 :
1067 701 1356 748 quaecumque
1386 686 1474 731 illae

103 771 247 800 causae
270 754 453 809 fuerint,
487 753 613 798 crede
638 753 808 798 nullum
838 753 904 797 tui
928 753 1048 815 apud
1083 770 1151 798 me
1179 769 1265 798 esse
1286 757 1474 816 potuisse

103 834 420 886 contemptum.
457 824 550 868 Imo
575 824 690 868 enim
713 823 976 867 velocissime
1011 822 1318 885 rescripsissem
1335 860 1345 877 ‚
1369 824 1403 868 si
1435 834 1475 868 te

103 893 472 955 contempsissem.
515 893 604 937 Nec
637 891 768 937 modo
796 892 898 954 quia
934 893 1108 937 tandem
1144 891 1377 953 aliquando
1403 910 1473 937 re-

103 963 257 1026 scripsi
274 1000 285 1018 ,
305 962 402 1008 ideo
419 962 568 1007 saltem
586 961 758 1006 tandem
785 961 1020 1024 aliquando
1041 962 1220 1021 dignum
1239 962 1402 1026 aliquid
1435 973 1474 1008 te

102 1033 262 1079 lectore
282 1032 458 1078 molitus
476 1049 592 1083 sum,
621 1042 662 1076 et
685 1031 805 1094 quod
839 1032 990 1076 merito
1018 1032 1177 1094 possim
1199 1043 1274 1077 tuo
1299 1032 1473 1077 nomine

102 1113 349 1166 praenotare
380 1120 391 1147 :
426 1101 498 1147 sed
522 1101 755 1146 rescribere
781 1112 1019 1164 utcumque
1037 1105 1128 1160 jam
1156 1100 1316 1156 malui,
1339 1117 1472 1163 quam

102 1173 195 1236 pati
221 1183 262 1218 et
284 1173 399 1217 hanc
420 1181 611 1217 aestatem
634 1188 702 1216 me
722 1171 855 1230 hujus
890 1170 1020 1215 officii
1049 1171 1246 1216 debitore
1274 1171 1466 1217 transire.

103 1244 194 1288 Nec
211 1253 287 1287 tua
307 1259 374 1287 me
394 1241 579 1301 dignitas
599 1241 752 1286 terruit
771 1240 959 1304 fecitque
978 1250 1255 1286 cunctantem
1268 1277 1278 1296 ‚
1299 1256 1397 1285 curn
1418 1241 1474 1286 sit

102 1313 351 1358 humanitas
378 1323 450 1357 tua
471 1312 633 1374 gratior
657 1327 788 1373 quam
815 1311 888 1357 illa
904 1311 1158 1372 suspectior.
1188 1310 1273 1355 Sed
1297 1310 1410 1355 unde
1432 1321 1472 1354 te

103 1383 238 1443 magis
255 1399 352 1427 amo
368 1419 379 1436 ,
399 1381 504 1426 hinc
522 1380 740 1426 difficilius
766 1381 880 1426 unde
898 1380 1108 1426 sufficiam
1130 1390 1262 1424 tantae
1279 1379 1476 1425 aviditati

102 1453 287 1513 religiosi
311 1452 375 1497 tui
395 1452 549 1497 amoris
568 1450 754 1496 invenio.

167 1523 227 1568 ΙΙ.
258 1522 358 1567 Huc
383 1521 580 1576 accessit,
608 1520 728 1583 quod
750 1530 908 1582 praeter
931 1531 1095 1565 mutuae
1112 1518 1334 1564 charitatis
1352 1518 1475 1565 flam-

103 1609 216 1638 mam
231 1628 241 1646 ,
264 1608 350 1654 qua
379 1592 430 1636 fit
452 1601 500 1636 ut
520 1591 647 1636 etiam
668 1607 738 1635 eos
754 1627 763 1644 ‚
790 1606 898 1652 quos
916 1606 1141 1651 nunquam
1163 1587 1374 1643 vidimus,
1400 1589 1474 1634 di-

102 1662 310 1723 ligamus,
337 1663 442 1707 dum
466 1678 536 1706 eos
558 1661 720 1705 habere
744 1658 862 1720 quod
886 1658 1104 1718 diligimus
1128 1658 1367 1713 credimus,
1395 1659 1472 1704 ubi

102 1749 172 1778 me
195 1733 344 1796 utique
371 1730 621 1795 praevenisti
640 1767 649 1784 ‚
670 1729 896 1791 fecistique
930 1740 977 1774 ut
1002 1745 1148 1773 verear
1170 1729 1214 1772 in
1239 1745 1305 1772 me
1328 1727 1474 1790 decipi

103 1803 352 1866 opinionem
381 1813 509 1864 atque
528 1799 867 1862 expectationem
900 1809 1018 1843 tuam
1045 1814 1056 1842 z
1085 1806 1244 1859 praeter
1269 1796 1353 1841 hoc
1371 1813 1471 1856 ergo

102 1872 214 1917 mihi
234 1872 338 1917 tales
354 1871 616 1934 quaestiones
633 1870 677 1914 in
698 1879 771 1913 tua
793 1867 990 1931 Epistola
1010 1866 1272 1930 proposuisti
1290 1903 1300 1921 ‚
1316 1883 1415 1928 quae
1439 1867 1473 1912 si

103 1960 127 1987 a
159 1942 357 2006 quolibet
388 1940 626 2004 propositae
657 1939 826 1993 forent,
863 1940 950 1983 otio
982 1953 1157 1999 quoque
1189 1953 1310 1990 me0‚
1350 1936 1469 1998 quod

103 2016 212 2061 mihi
233 2015 366 2067 defit,
396 2029 485 2056 non
505 2027 688 2074 parvum
710 2009 930 2068 negotium
956 2009 1118 2052 fierent.
1147 2009 1257 2052 Cum
1276 2022 1375 2050 vero
1396 2006 1473 2050 abs

102 2096 145 2131 te
166 2093 493 2149 proponuntur,
523 2081 595 2126 cui
625 2078 846 2142 profunda
879 2076 1053 2122 rimanti
1077 2075 1300 2120 solutionis
1327 2091 1473 2119 earum

103 2156 352 2219 superficies
373 2168 646 2216 nequaquam
673 2161 737 2195 sat
754 2160 814 2195 est
832 2186 841 2203 ‚
875 2159 917 2193 et
939 2156 1248 2210 proponuntur
1279 2162 1474 2208 occupa-

105 2227 267 2271 tissimo
281 2225 550 2286 aliarumque
568 2237 771 2267 curarum
790 2218 977 2264 molibus
995 2216 1151 2261 vallato
1172 2226 1214 2259 et
1236 2215 1469 2267 obstricto;

105 2307 192 2342 tuae
232 2294 476 2359 prudentiae
511 2304 572 2338 est
605 2303 647 2337 et
676 2288 990 2336 benevolentiae
1030 2286 1242 2345 cogitare,
1281 2301 1412 2347 quam
1436 2295 1474 2329 te

104 2365 329 2430 placidum
350 2364 513 2409 habere
544 2362 725 2407 debeam
743 2397 753 2415 ‚
779 2359 846 2404 vel
876 2356 992 2421 quod
1031 2355 1108 2401 diu
1132 2372 1218 2400 non
1241 2354 1470 2416 respondi,

103 2426 173 2482 'vel
190 2437 224 2481 si
249 2435 377 2480 etiam
397 2450 514 2478 nunc
533 2449 612 2495 pro
634 2442 721 2476 tuae
742 2427 990 2475 intentionis
1014 2424 1255 2485 granditate
1278 2440 1365 2468 non
1384 2441 1470 2469 res-

107 2508 315 2573 pondero,

172 2582 254 2628 ΙΙΙ.
289 2580 505 2639 QuAEsrlo
532 2578 567 2625 I.
595 2606 657 2612 —
693 2575 865 2633 Quaeris
895 2572 1026 2634 igitur
1053 2590 1063 2616 ε
1099 2593 1118 2613 c<
1145 2569 1360 2617 Mediator
1398 2570 1476 2615 Dei
