1799 3251
499 315 711 348 EPISTOLA
748 316 935 347 chxxv.
1315 302 1408 358 443

48 384 150 449 quia
170 384 214 430 in
232 399 359 430 causa
381 381 604 428 Caeciliani
623 380 844 444 quondam
864 380 1069 428 Ecclesiae
1093 381 1406 442 Carthaginen-

47 456 101 501 sis
124 453 335 518 episcopi,
355 453 427 499 cui
445 452 627 498 crimina
653 452 924 511 objecerunt,
949 469 1049 516 quae
1067 469 1147 497 nec
1172 462 1410 516 potuerunt

41 525 256 589 probare,
280 540 358 569 nec
381 533 585 586 possunt,
607 538 648 567 se
672 522 728 566 ab
752 521 943 567 Ecclesia
967 522 1202 577 catholica,
1220 522 1306 567 hoc
1327 530 1406 577 est,

43 595 99 640 ab
114 593 276 639 unitate
289 593 482 638 omnium
497 592 686 652 gentium
706 590 960 637 diviserunt.
982 591 1191 647 Quamvis
1207 591 1283 636 etsi
1315 607 1415 636 vera

45 672 182 709 essent
200 679 299 725 quae
321 662 375 707 ab
405 662 462 707 eis
501 661 672 721 objecta
691 671 792 706 sunt
816 660 1071 716 Caeciliano,
1097 671 1140 706 et
1162 661 1290 706 nobis
1307 677 1414 723 pos-

43 743 137 779 sent
153 732 388 796 aliquando
407 731 650 784 monstrari,
663 732 807 794 ipsum
820 734 911 790 jam
930 741 1150 776 mortuum
1162 731 1414 776 anathema-

43 802 271 848 tizaremus
295 819 306 847 ε
329 801 403 848 sed
427 812 568 848 tamen
592 801 829 847 Ecclesiam
857 800 1039 855 Christi,
1069 816 1169 862 quae
1204 816 1292 844 non
1325 798 1418 844 liti-

44 872 170 933 giosis
194 871 478 935 opinionibus
507 871 710 931 fingitur,
756 869 829 916 sed
870 869 1029 915 divinis
1074 869 1419 915 attestationibus

45 942 383 1005 comprobatur,
420 951 602 1005 propter
634 940 875 1003 quemlibet
912 939 1137 984 hominem
1177 938 1420 1002 relinquere

44 1029 133 1058 non
165 1011 373 1057 debemus
392 1030 402 1056 :
424 1033 442 1053 «
467 1012 581 1068 Quia
601 1011 768 1056 bonum
797 1020 859 1056 est
884 1009 1102 1056 confidere
1124 1010 1168 1055 in
1199 1010 1416 1064 Domino,

46 1103 68 1124 »
87 1098 220 1145 quam
242 1081 460 1127 confidere
480 1082 525 1127 in
542 1081 722 1126 homine
741 1080 775 1126 1.
799 1102 818 1122 ›>
844 1082 992 1143 Neque
1023 1080 1154 1135 enim,
1180 1079 1300 1143 quod
1325 1080 1416 1124 sine

48 1151 483 1212 injuriainnocentiae
501 1151 617 1197 illius
640 1151 837 1207 dixerim,
855 1152 890 1196 si
917 1151 1115 1213 peccavit
1139 1150 1416 1205 Caecilianus,

48 1222 145 1267 ideo
174 1221 474 1267 haereditatem
494 1238 612 1267 suam
632 1220 823 1284 perdidit
845 1221 1060 1267 Christus.
1089 1220 1232 1265 Facile
1257 1229 1319 1264 est
1333 1218 1420 1263 ho-

51 1292 177 1347 mini,
209 1308 282 1336 seu
304 1308 421 1347 vera,
446 1309 517 1337 seu
542 1291 647 1336 falsa
668 1290 720 1336 de
746 1290 878 1336 altero
905 1291 1082 1335 homine
1115 1289 1317 1334 credere:
1343 1286 1417 1333 scd

49 1360 564 1424 scelerataeimpudentiae
584 1371 663 1416 est,
684 1371 865 1423 propter
883 1360 1065 1405 crimina
1090 1359 1300 1414 hominis,
1323 1372 1422 1421 quae

55 1430 153 1476 orbi
182 1441 394 1476 terrarum
419 1448 509 1476 non
538 1430 676 1493 possis
705 1429 945 1484 ostendere,
975 1429 1327 1474 communionem
1356 1442 1424 1471 or-

57 1501 125 1546 bis
149 1511 358 1546 terrarum
372 1501 480 1547 velle
506 1501 727 1547 damnare.

116 1572 167 1618 V.
200 1573 352 1618 Utrum
372 1572 638 1618 Caecilianus
663 1589 685 1616 a
701 1570 987 1616 traditoribus
1012 1569 1260 1615 divinorum
1281 1566 1420 1613 Codi-

52 1659 151 1688 cum
176 1642 302 1688 fuerit
325 1643 566 1696 ordinatus,
595 1642 756 1696 nescio,
786 1658 874 1686 non
893 1640 1001 1695 vidi,
1031 1639 1086 1685 ab
1120 1638 1310 1684 inimicis
1332 1640 1423 1696 ers

53 1713 215 1760 audivi.
248 1715 347 1759 Non
370 1714 481 1759 mihi
515 1713 568 1758 de
589 1715 700 1772 Lege
741 1711 835 1767 Dei,
862 1728 949 1756 non
982 1710 1034 1756 de
1061 1710 1283 1773 praeconio
1309 1710 1424 1754 Pro-

52 1783 304 1847 phetarum,
332 1801 419 1829 non
439 1784 492 1829 de
515 1784 741 1829 sanctitate
772 1781 1063 1836 Psalmorum,
1091 1797 1177 1825 non
1204 1779 1258 1825 de
1280 1781 1425 1841 Apos-

54 1853 142 1900 tolo
160 1854 342 1910 Christi,
367 1872 453 1900 non
479 1856 529 1900 de
555 1854 718 1899 Christi
742 1853 914 1916 eloquio
938 1852 1157 1896 recitatur.
1187 1849 1425 1895 Ecclesiam

55 1941 156 1970 vero
181 1934 270 1969 toto
300 1935 509 1970 terrarum
533 1925 638 1970 orbe
659 1923 879 1977 diffusam,
916 1921 986 1967 cui
1023 1938 1110 1966 non
1136 1919 1430 1965 communicat

58 2011 158 2057 pars
175 1995 354 2048 Donati,
379 1995 677 2040 universarum·
704 1994 1031 2055 Scripturaruin
1056 1990 1299 2036 testimonia
1319 2005 1431 2034 con-

59 2082 161 2110 sona
177 2082 282 2111 voce
304 2066 601 2128 proclamant3
624 2086 642 2106 «
670 2065 722 2108 In
742 2063 900 2108 semine
915 2073 990 2108 tuo
1003 2061 1319 2107 benedicentur
1336 2075 1427 2104 om-

59 2156 79 2177 »
108 2153 181 2181 nes
204 2137 394 2196 gentes2,
419 2159 438 2178 ›>
464 2138 550 2182 Lex
579 2135 657 2181 Dei
673 2134 802 2187 dixit3
827 2155 847 2175 «
876 2133 946 2178 Ab
975 2143 1074 2178 ortu
1095 2131 1194 2177 solis
1219 2146 1354 2193 usque
1378 2127 1433 2174 ad

61 2227 81 2246 »
101 2222 319 2261 occasum,
351 2206 610 2252 sacrificium
635 2204 849 2250 mundum
886 2203 1064 2248 offertur
1101 2201 1268 2246 nomini
1306 2215 1428 2254 meo;

61 2297 82 2317 »
109 2275 317 2339 quoniam
345 2275 637 2335 glorificatum
659 2285 720 2320 est
741 2290 899 2319 nomen
917 2289 1060 2318 meum
1081 2272 1126 2316 in
1143 2270 1343 2331 gentibus
1357 2269 1394 2325 3,
1411 2289 1432 2309 »

61 2362 139 2408 per
156 2345 423 2408 Prophetam
449 2346 661 2392 Dominus
683 2344 790 2391 dixit
806 2363 816 2395 ;
837 2365 856 2384 «
871 2342 1183 2388 Dominabitur
1201 2359 1224 2386 a
1241 2339 1352 2385 mari
1368 2355 1437 2385 us-

63 2439 84 2459 »
107 2433 192 2480 que
214 2417 269 2462 ad
287 2435 418 2474 mare,
448 2429 490 2464 et
516 2437 538 2464 a
553 2417 731 2464 flumine
749 2432 885 2479 usque
907 2414 959 2460 ad
980 2413 1185 2459 terminos
1210 2411 1327 2458 orbis
1354 2421 1438 2456 ter·

66 2509 86 2529 >2
106 2503 250 2533 rarum
275 2488 312 2545 4,
336 2506 448 2552 »per
462 2488 685 2535 Psalmum
713 2487 928 2533 Dominus
955 2484 1059 2530 dixit
1078 2505 1089 2538 ;
1109 2505 1128 2525 «
1149 2483 1434 2529 Fructificans

114 2589 125 2609 ¹
156 2588 235 2620 Psal.
263 2600 375 2626 cxvii,
399 2590 429 2623 8.
455 2608 495 2615 —-
517 2588 533 2612 ²
551 2592 635 2622 Gen.
659 2598 758 2630 xxm,
790 2593 821 2623 4.
847 2604 892 2610 —-
918 2583 933 2608 ³
951 2584 1089 2618 Malach.
1111 2597 1146 2623 x,
1170 2595 1222 2617 xx.
1244 2601 1286 2608 —
1312 2580 1327 2605 ⁴
1353 2581 1433 2614 Psal.

67 2652 142 2673 uxr
159 2667 167 2679 ‚
199 2644 232 2677 8,
