1799 3251
576 271 789 301 Erisrota
826 272 959 301 ctvn.
1381 256 1465 301 262

98 351 310 386 aeternum
336 336 535 383 Christus
573 336 754 381 redemit
784 352 793 380 :
823 337 1104 382 verumetiam
1122 336 1223 401 quia
1248 336 1363 382 illius
1386 353 1472 382 uno

97 410 256 456 delicto
279 408 441 473 posteri
472 407 552 453 nisi
587 426 609 452 a
636 407 812 452 Christo
852 406 1139 463 redimantur,
1173 407 1408 453 traduntur
1429 408 1475 453 in

97 479 527 527 condemnationem:
555 478 718 523 Christi
739 489 882 523 autem
909 478 1149 542 redemptio
1190 479 1318 524 etiam
1340 477 1476 523 multa

98 551 255 598 delicta
275 550 485 604 dissolvit,
513 566 612 612 quae
636 548 697 594 illi
724 549 798 594 uni
820 548 1087 594 abundantia
1113 548 1475 612 praevaricatricis

97 621 336 685 iniquitatis
362 620 542 680 adjecit3
570 619 684 665 unde
707 623 798 679 jam
818 620 1014 681 superius
1038 619 1372 682 disputavimus.

161 693 282 738 XXI.
313 691 477 736 Contra
500 691 600 736 haec
621 690 818 754 Apostoli
842 690 975 735 verba
1000 707 1239 754 sanumque
1275 689 1476 735 intellec-

97 773 191 809 tum
210 761 372 808 nemini
388 760 651 824 acquiescas,
674 761 707 806 si
730 760 794 806 vis
813 760 989 805 Christo
1012 771 1052 806 et
1067 761 1110 805 in
1130 760 1306 806 Christo
1322 760 1478 806 vivere.

97 834 209 879 Nam
229 832 263 878 si
287 830 657 896 quemadmodum
694 830 757 875 illi
782 829 953 885 dicunt,
981 841 1213 893 propterea
1243 831 1324 876 ista
1350 847 1476 875 com-

98 912 373 949 memorasset
423 901 679 964 Apostolus,
718 911 767 946 ut
809 901 1146 961 intelligeremus
1191 900 1245 946 ad
1287 900 1477 964 primum

94 973 318 1019 hominem
354 983 602 1035 peccatores
624 970 720 1016 ideo
751 971 983 1034 pertinere,
1011 972 1116 1034 quia
1138 988 1227 1016 non
1263 971 1472 1016 delictum

96 1060 142 1088 ex
155 1042 230 1088 illo
252 1041 467 1089 nascendo
489 1041 716 1098 traximus,
737 1040 811 1087 sed
840 1057 940 1086 eum
970 1040 1182 1086 imitando
1217 1056 1476 1104 peccamus;

97 1112 323 1158 diabolum
344 1112 491 1176 potius
516 1122 698 1175 poneret
723 1112 799 1174 qui
828 1122 868 1157 et
886 1112 1054 1174 primus
1079 1111 1295 1174 peccavit,
1322 1109 1375 1155 de
1392 1126 1479 1173 quo

95 1183 261 1230 nullam
294 1181 549 1228 substantiae
583 1182 864 1245 propaginem
889 1182 1018 1227 traxit
1043 1199 1175 1241 genus
1209 1182 1473 1235 humanum,

96 1254 167 1301 sed
197 1270 295 1300 eum
321 1253 409 1299 sola
427 1253 669 1299 imitatione
693 1263 890 1299 secutum
913 1264 974 1299 est
997 1271 1007 1298 ι
1032 1252 1147 1299 unde
1165 1252 1328 1298 dicitur
1354 1262 1479 1314 pater

96 1325 353 1388 impiorum,
388 1323 501 1369 sicut
522 1333 667 1368 noster
702 1323 865 1369 dicitur
901 1334 1024 1386 pater
1050 1323 1274 1368 Abraham
1296 1333 1479 1385 propter

95 1395 382 1442 imitationem
418 1393 537 1447 fidei,
564 1411 652 1439 non
682 1405 865 1457 propter
888 1395 1098 1454 originem
1136 1392 1326 1440 carnis1.
1362 1394 1474 1438 Nam

92 1467 192 1513 ideo
215 1465 269 1511 de
289 1465 384 1528 ipso
403 1464 579 1510 diabolo
595 1464 763 1510 dictum
783 1476 868 1510 est:
886 1486 906 1506 c<
927 1465 1162 1510 Imitantur
1187 1475 1327 1510 autem
1349 1463 1475 1509 illum

93 1557 114 1579 2>
135 1536 212 1600 qui
231 1546 332 1581 sunt
354 1553 401 1581 ex
423 1545 546 1598 parte
572 1535 706 1598 ipsius
726 1540 759 1582 ².
786 1558 808 1578 >a
832 1535 997 1582 Deinde
1011 1536 1044 1581 si
1065 1546 1247 1600 propter
1269 1534 1474 1580 imitatio-

95 1623 191 1652 nem
220 1623 300 1669 per
324 1606 421 1652 loco
446 1605 680 1669 Apostolus
708 1617 1068 1652 commemoraret
1107 1607 1300 1670 primum
1322 1604 1474 1650 homi-

95 1694 193 1723 nem
212 1714 222 1733 ‚
248 1678 351 1740 quia
378 1676 544 1740 primus
586 1688 791 1739 peccator
814 1677 855 1722 in
894 1677 1148 1722 hominibus
1178 1676 1277 1730 fuit,
1304 1686 1351 1721 ut
1376 1674 1473 1720 ideo

97 1747 152 1792 ad
183 1747 308 1792 illum
349 1763 496 1792 omnes
522 1746 719 1792 homines
762 1758 1008 1809 peccatores
1041 1747 1202 1792 diceret
1230 1746 1474 1809 pertinere;

97 1834 176 1862 cur
195 1834 283 1862 non
308 1826 508 1861 sanctum
534 1816 643 1861 Abel
670 1817 830 1879 posuit,
853 1817 930 1881 qui
957 1817 1124 1880 primus
1147 1818 1192 1862 in
1219 1815 1474 1862 hominibus

90 1891 232 1947 justus
253 1886 351 1942 fuit,
381 1886 434 1932 ad
449 1903 575 1949 quem
590 1888 697 1945 justi
718 1904 864 1933 omnes
883 1898 1064 1950 propter
1080 1886 1474 1944 imitationemjus-

96 1958 204 2004 titiae
242 1958 536 2021 pertinerent?
564 1957 637 2002 sed
672 1958 816 2021 posuit
840 1958 977 2004 Adam
999 1996 1008 2013 ‚
1053 1968 1204 2003 contra
1226 1974 1356 2021 quem
1386 1973 1474 2001 non

96 2028 243 2094 posuit
264 2028 346 2074 nisi
376 2028 632 2074 Christum:
670 2029 772 2092 quia
800 2031 912 2075 sicut
935 2029 1007 2074 ille
1034 2028 1169 2074 homo
1210 2028 1369 2073 delicto
1397 2043 1473 2072 suo

97 2099 268 2146 vitiavit
284 2100 575 2162 posteritatem
596 2117 736 2155 suam,
757 2100 818 2146 sic
834 2100 904 2146 ille
917 2101 1033 2145 Deus
1051 2100 1185 2145 homo
1208 2099 1374 2159 justitia
1399 2115 1472 2144 sua

98 2169 279 2215 salvavit
313 2169 610 2215 haereditatem
650 2188 785 2218 suam.
828 2171 905 2216 Ille
939 2170 1193 2230 trajiciendo
1229 2171 1368 2215 carnis
1390 2171 1471 2215 im-

100 2239 380 2295 munditiam,
412 2240 532 2303 quod
559 2258 646 2286 non
672 2252 842 2304 poterat
863 2242 1025 2305 impius
1049 2240 1274 2293 diabolus;
1299 2240 1369 2285 ille
1390 2239 1469 2285 do·

99 2310 246 2356 nando
269 2310 445 2373 spiritus
459 2311 660 2370 gratiam,
684 2311 804 2374 quod
826 2329 911 2357 non
931 2321 1101 2375 poterat
1121 2310 1227 2356 Abel
1246 2314 1403 2370 justus.

166 2381 264 2427 XX.
299 2380 437 2425 Multa
455 2380 507 2426 de
531 2381 599 2426 his
629 2382 944 2445 quaestionibus
967 2382 1012 2426 in
1038 2381 1132 2426 aliis
1162 2380 1319 2425 nostris
1337 2395 1475 2442 opus-

102 2450 210 2496 culis
232 2461 274 2496 et
293 2450 589 2496 ecclesiasticis
607 2452 877 2496 sermonibus
897 2450 1082 2497 diximus
1110 2468 1120 2495 ε
1148 2451 1355 2514 quoniam
1374 2449 1471 2495 fue-

101 2532 207 2568 runt
236 2521 363 2568 etiam
400 2521 519 2585 apud
549 2539 625 2568 nos
648 2522 845 2586 quidam,
875 2523 947 2586 qui
973 2523 1244 2586 ubicumque
1277 2531 1479 2585 poterant

153 2606 275 2636 ¹Joarv.
296 2615 371 2646 vm,
390 2606 445 2637 38.
465 2622 510 2628 —
529 2602 545 2626 ²
564 2607 637 2649 Sap.
658 2616 694 2648 11,
717 2608 770 2637 25.
