1799 3251
328 303 419 350 530
747 322 780 350 5.
825 320 1070 351 1660511111
1105 319 1309 351 1111561111

327 400 420 431 63111
450 384 612 430 56111661
647 396 908 449 computans
946 386 1133 449 primam
1175 385 1479 443 nativitatem,
1514 402 1613 449 quae
1649 386 1701 432 fit

327 465 465 502 matre
506 456 700 517 pariente
717 493 727 511 ,
778 473 867 501 non
920 456 1194 519 concipiente
1244 465 1372 518 atque
1411 467 1664 519 praegnante
1683 493 1695 513 ‚

323 541 427 587 quae
456 526 506 571 fit
531 543 578 571 ex
604 544 675 582 ea,
712 544 801 572 non
821 543 922 589 quae
940 528 992 572 fit
1014 527 1061 572 in
1093 544 1154 573 ea.
1183 526 1332 589 Neque
1355 526 1472 573 enim
1493 537 1694 572 renatum

318 595 507 642 dicimus
522 596 743 643 hominem
758 635 768 653 ‚
783 614 914 661 quem
933 607 1069 647 mater
1091 596 1278 661 peperit,
1302 607 1509 660 tanquam
1532 598 1694 647 iterum

315 676 441 712 natus
464 667 518 713 511
539 703 550 722 ,
572 670 651 730 qui
665 671 758 727 jam
777 667 906 713 semel
927 680 1053 714 natus
1073 668 1213 714 fuerat
1246 668 1292 713 in
1322 677 1444 717 utero
1469 685 1479 712 z
1509 667 1583 713 sed
1621 666 1696 716 illa

311 736 534 783 nativitate
563 754 652 783 non
678 748 960 801 computata,
998 755 1099 801 quae
1131 736 1359 797 gravidam
1395 736 1528 792 facit,
1563 747 1692 783 natus

309 806 474 859 dicitur
495 807 629 853 homo
655 819 802 871 partu,
832 820 881 854 ut
898 809 1035 871 possit
1053 808 1219 854 renasci
1236 825 1283 853 ex
1297 823 1409 870 aqua
1429 818 1470 852 et
1489 807 1677 870 Spiritu.

308 877 560 924 Secundum
579 895 710 940 quam
730 896 777 924 ex
801 890 941 924 matre
964 879 1253 933 nativitatem,
1277 878 1407 923 etiam
1427 878 1519 940 ipse
1541 877 1690 923 Domi-

307 964 389 994 nus
406 948 451 994 in
475 948 733 994 Bethlehem
762 949 892 995 Judae
913 949 1075 995 dicitur
1100 960 1230 994 natus
1246 948 1280 994 4.
1322 948 1368 993 Si
1400 948 1534 1007 igitur
1553 947 1689 994 homo

303 1018 546 1077 regenerari
565 1035 644 1081 per
661 1019 843 1078 gratiam
869 1019 1057 1082 Spiritus
1073 1020 1118 1066 in
1145 1030 1268 1065 utero
1291 1028 1452 1081 potest,
1478 1018 1688 1081 quoniam

303 1098 434 1133 restat
456 1088 520 1133 illi
554 1088 700 1134 adhuc
724 1089 864 1144 nasci,
891 1091 1132 1135 renascitur
1153 1107 1253 1148 ergo
1281 1098 1514 1151 antequam
1540 1088 1687 1133 nasci-

304 1168 405 1211 tur3
429 1157 552 1221 quod
574 1158 667 1208 fieri
691 1158 812 1204 nullo
829 1159 963 1204 modo
979 1169 1138 1222 potest.
1160 1157 1351 1204 Proinde
1365 1158 1409 1202 in
1429 1174 1686 1220 compagem

306 1229 502 1290 corporis
532 1227 699 1273 Christi
729 1239 938 1291 tanquam
972 1230 1019 1274 in
1048 1229 1192 1276 vivam
1223 1238 1487 1274 structuram
1528 1227 1685 1290 templi

305 1298 384 1345 Dei
404 1334 416 1354 ‚
439 1315 539 1361 quae
557 1309 619 1344 est
641 1302 732 1358 ejus
767 1300 959 1347 Ecclesia
977 1337 988 1356 ‚
1022 1300 1112 1346 nati
1137 1299 1356 1355 homines,
1389 1315 1478 1344 non
1501 1315 1549 1343 ex
1579 1315 1682 1361 ope-

298 1368 421 1414 ribus
440 1369 619 1428 1115111136
642 1386 743 1433 quae
760 1369 976 1421 fecerunt,
1004 1370 1079 1416 sed
1103 1368 1369 1416 renascendo
1397 1385 1477 1431 per
1495 1369 1677 1427 gratiam

294 1438 616 1486 transferuntur
634 1475 645 1495 ,
670 1451 878 1503 tanquam
904 1441 957 1489 de
975 1458 1113 1491 massa
1140 1441 1282 1487 ruinae
1319 1439 1373 1486 ad
1404 1438 1584 1488 aedificii
1609 1439 1682 1484 fir-

292 1519 575 1561 mamentum.
610 1511 776 1561 Praeter
808 1511 896 1557 hoc
926 1512 1043 1560 enim
1069 1510 1336 1565 terli-ficium,
1365 1508 1486 1572 quod
1509 1509 1680 1555 beatifi-

293 1578 486 1630 candum
512 1580 780 1627 construitur
809 1581 862 1626 ad
888 1591 1095 1630 aeternam
1114 1580 1432 1631 habitationem
1450 1578 1558 1635 Dei,
1583 1579 1679 1626 vita

292 1650 484 1700 hominis
519 1651 658 1699 01111115
694 1650 865 1707 infelix,
902 1662 944 1697 et
978 1668 1098 1702 mors
1125 1661 1188 1696 est
1223 1649 1374 1714 potius
1411 1648 1679 1712 appellanda

292 1738 426 1785 quam
451 1721 557 1768 vita.
582 1722 795 1785 Quisquis
812 1739 912 1782 ergo
930 1722 1210 1768 habitabitur
1230 1739 1255 1766 a
1276 1722 1384 1776 Deo,
1414 1737 1467 1766 ne
1496 1721 1562 1765 ira
1596 1721 1676 1766 Dei

290 1802 464 1840 maneat
480 1809 610 1855 super
628 1809 747 1847 eum,
773 1793 828 1838 ab
851 1793 940 1839 hoc
962 1810 1165 1857 corpore,
1189 1793 1244 1844 ab
1268 1791 1356 1845 hoc
1384 1790 1550 1853 templo
1568 1828 1580 1847 ‚
1616 1791 1673 1837 ab

291 1863 378 1915 hac
406 1862 583 1913 civitate
608 1880 697 1908 non
719 1863 799 1908 erit
821 1863 1001 1911 alienus).
1027 1864 1184 1915 Omnis
1210 1872 1353 1909 autem
1382 1878 1471 1911 non
1493 1871 1670 1909 renatus

293 1932 457 1985 31160115
474 1943 549 1983 651.
1566 1975 1571 1980 .

356 2002 560 2048 XXXIV.
608 2002 940 2049 Sacramentum
980 2020 1111 2067 porro
1141 2001 1474 2062 regenerationis
1508 2012 1669 2050 nostrae

288 2072 568 2125 manifestum
608 2090 696 2120 esse
730 2074 900 2129 voluit,
940 2075 1239 2122 manifestatus
1288 2072 1513 2119 mediator.
1564 2074 1670 2120 Erat

290 2156 433 2192 autem
464 2144 652 2207 antiquis
685 2146 813 2204 justis
843 2145 1019 2209 aliquod
1050 2144 1300 2199 occultum,
1334 2160 1433 2189 cum
1461 2154 1603 2190 tamen
1625 2155 1667 2190 et

286 2215 352 2262 illi
373 2215 521 2264 eadem
556 2214 648 2265 fide,
666 2215 772 2262 salvi
790 2216 970 2271 fierent,
995 2232 1095 2278 quae
1118 2215 1256 2266 fuerat
1282 2231 1359 2259 suo
1382 2224 1577 2277 tempore
1592 2232 1664 2261 16-

283 2285 483 2338 velanda.
509 2286 613 2333 Non
633 2286 749 2334 enim
775 2286 984 2333 audemus
1002 2285 1148 2332 fideles
1172 2284 1377 2348 temporis
1390 2285 1526 2330 nostri
1542 2302 1664 2348 prae-

283 2356 394 2407 ferre
416 2356 564 2402 amicis
593 2356 699 2411 Dei,
731 2374 809 2420 per
832 2374 941 2420 quos
969 2356 1098 2403 nobis
1125 2357 1205 2401 ista
1242 2355 1506 2419 prophetata
1535 2367 1662 2415 sunt,

282 2445 388 2478 curm
429 2429 570 2478 Deum
597 2427 823 2474 Abraham
847 2439 888 2474 et
923 2429 1062 2474 Deum
1100 2428 1219 2472 Isaac
1245 2437 1287 2471 et
1312 2427 1454 2471 Deum
1491 2427 1656 2483 Jacob,

279 2500 342 2547 ita
365 2516 406 2548 se
430 2499 547 2547 Deus
566 2514 653 2543 esse
665 2498 959 2554 commendet,
989 2509 1037 2544 ut
1055 2497 1142 2546 hoc
1162 2497 1279 2542 dicat
1297 2513 1424 2544 suum
1440 2513 1598 2542 nomen
1612 2498 1658 2543 in

279 2582 505 2620 aeternum.
540 2568 673 2626 Quod
694 2569 728 2616 si
748 2569 1024 2622 circumcisio
1047 2569 1236 2634 antiquis
1257 2568 1415 2620 sanctis
1429 2585 1512 2633 pro
1531 2568 1651 2636 bap-

323 2655 333 2679 1
356 2651 477 2687 Matth.
498 2663 586 2692 11,1.
