1799 3251
378 267 438 313 68
797 279 831 310 s.
875 277 1120 309 auersum
1155 277 1360 310 Episcom

377 357 583 394 venturus
609 354 696 400 est,
732 342 851 406 quod
887 345 1072 407 sumpsit
1100 360 1147 389 ex
1185 344 1375 404 virgine3
1415 344 1500 392 sive
1522 345 1624 410 quia
1654 346 1748 410 ipsa

379 416 568 462 Ecclesia
593 426 696 460 tunc
712 413 867 459 clarior
891 413 1122 476 apparebit
1138 450 1147 466 .
1180 424 1228 459 ut
1259 414 1311 459 ad
1345 416 1532 462 universi
1553 416 1750 480 corporis

376 485 749 547 congregationem
770 484 963 529 membra
982 494 1269 539 concurrant,
1298 486 1459 548 quibus
1484 503 1747 532 concurren-

379 559 518 613 tibus,
541 561 631 616 ejus
654 554 906 614 magnitudo
932 556 1236 602 monstabitur.

441 628 661 674 LXXVII.
704 626 897 685 Virgines
915 636 1094 688 propter
1118 626 1426 672 continentiam
1452 627 1742 691 nuncupavit.

373 703 532 747 Decem
553 715 652 743 vero
668 733 677 751 ‚
699 695 743 741 id
767 706 828 740 est
847 732 856 751 ‚
884 696 1077 757 quinque
1094 706 1133 741 et
1152 696 1367 759 quinque,
1396 707 1577 760 propter
1594 714 1744 743 nume-

375 788 472 817 rum
496 785 583 832 quo
609 776 836 813 censentur
870 765 1064 827 corporis
1097 783 1268 822 sensus,
1303 766 1345 811 in
1377 767 1539 830 quibus
1575 767 1750 814 habitat

376 838 642 889 continentia
660 874 670 893 ‚
696 853 795 881 cum
817 853 838 881 a
857 835 1160 898 voluptatibus
1180 837 1382 899 turpibus
1406 847 1447 881 et
1470 837 1631 883 illicitis
1655 838 1751 883 abs-

376 913 551 958 tinetur.
578 906 849 970 Lanipade5‚
873 906 984 951 sicut
1009 906 1175 952 dictum
1203 917 1266 952 est
1283 944 1294 963 ,
1319 907 1436 953 bona
1461 919 1562 953 sunt
1589 925 1718 972 opera
1738 946 1749 965 ‚

379 982 646 1042 maximeque
672 977 724 1023 ad
755 976 1096 1022 misericordiam
1132 978 1425 1040 pertinentia3
1459 988 1500 1024 et
1529 979 1622 1042 ipsa
1655 995 1755 1041 quae

376 1053 503 1098 etiam
525 1065 670 1094 coram
690 1046 950 1092 hominibus
969 1045 1083 1091 lucet
1104 1046 1338 1092 laudabilis
1361 1048 1643 1094 conversatio,
1670 1047 1753 1093 Sed

379 1121 520 1179 magni
537 1120 712 1164 interest
729 1154 738 1172 ,
757 1133 842 1179 qua
859 1116 1013 1160 mentis
1031 1116 1270 1162 intentione
1288 1118 1390 1162 fiat:
1412 1117 1508 1163 ideo
1528 1117 1636 1163 dicit
1653 1117 1756 1163 alias

378 1192 614 1255 sapientes,
656 1186 806 1232 stultas
841 1185 956 1231 alias.
1004 1186 1086 1231 Sed
1125 1187 1230 1232 hinc
1268 1204 1336 1232 eas
1366 1187 1597 1244 discernit,
1635 1188 1754 1252 quod

377 1263 520 1310 stultae
547 1276 633 1306 non
673 1264 950 1319 sumpserunt
986 1254 1128 1301 oleum
1158 1273 1301 1301 secum
1324 1293 1334 1312 ‚
1371 1257 1582 1320 sapientes
1611 1268 1754 1304 autem

378 1340 639 1395 acceperunt
656 1328 794 1374 oleum
814 1326 859 1372 in
879 1326 989 1372 vasis
1010 1326 1094 1371 suis
1108 1363 1118 1381 ,
1137 1326 1223 1372 hoc
1241 1337 1327 1382 est,
1354 1326 1399 1372 in
1422 1327 1628 1374 cordibus
1649 1329 1752 1382 suiS,

375 1404 453 1449 ubi
476 1403 524 1448 fit
556 1401 648 1463 ipsa
666 1396 949 1462 participatio
978 1395 1120 1441 intimi
1151 1412 1199 1442 ac
1223 1397 1398 1459 superni
1420 1398 1538 1445 boni.
1564 1398 1688 1445 Unde
1711 1399 1756 1444 in

379 1473 550 1520 Psalmo
574 1469 764 1534 quodam
784 1504 793 1522 ,
818 1483 919 1512 cum
940 1466 1105 1512 dictum
1131 1477 1260 1512 esset:
1285 1488 1304 1508 «
1327 1468 1576 1515 Sacrificate
1594 1470 1756 1515 sacrifi-

380 1545 542 1590 »cium
567 1538 748 1601 justitiae
768 1574 778 1593 ‚
811 1547 851 1582 et
877 1547 1042 1599 sperate
1073 1537 1115 1581 in
1145 1538 1346 1585 Domino.
1389 1538 1546 1595 Multi,
1583 1539 1752 1604 inquit,

383 1638 404 1658 >³
428 1614 583 1661 dicunt
605 1628 615 1655 :
645 1608 754 1665 Quis
774 1606 960 1652 ostendit
980 1607 1105 1651 nobis
1120 1607 1237 1652 bona
1251 1607 1300 1653 49
1322 1631 1341 1649 »
1366 1608 1533 1655 Deinde
1551 1620 1598 1655 ut
1616 1611 1758 1656 mani-

384 1689 551 1734 festaret
588 1684 711 1739 cujus
741 1677 848 1722 honi
882 1693 1025 1721 amore
1058 1676 1295 1723 debeamus
1329 1680 1757 1742 operarijustitiam,

383 1759 470 1804 hoc
488 1764 549 1800 est
566 1789 577 1809 ,
603 1748 843 1797 sacrificare
863 1746 1122 1792 sacrificium
1144 1748 1323 1806 justitiae
1343 1785 1353 1804 ‚
1377 1749 1639 1809 «Signatum
1665 1760 1755 1807 est,

389 1849 410 1870 »
434 1823 605 1887 inquit,
637 1820 680 1864 in
704 1817 832 1863 nobis
862 1816 1010 1861 lumen
1042 1816 1189 1861 vultus
1223 1818 1311 1869 tui,
1342 1820 1530 1865 Domine
1557 1838 1567 1865 ε
1602 1819 1759 1866 dedisti

392 1920 412 1940 »
433 1893 629 1941 laetitiam
652 1888 696 1933 in
716 1885 845 1931 corde
864 1901 974 1932 meo,
1000 1907 1020 1926 ›>
1045 1887 1182 1945 Cujus
1197 1886 1302 1932 boni
1328 1887 1598 1947 aliquantum
1618 1890 1759 1953 parti-

390 1964 524 2029 cipati
541 1999 550 2017 ‚
572 1970 614 2006 et
638 1956 807 2021 plenius
827 1954 1141 2018 perfectiusque
1163 1956 1459 2020 participandi
1487 1959 1727 2005 intentione
1743 1996 1755 2015 ‚

393 2037 469 2102 qui
495 2035 605 2079 bene
641 2037 862 2091 operatur,
901 2035 940 2069 et
972 2025 1251 2071 laudabiliter
1282 2028 1408 2073 etiam
1442 2028 1486 2074 in
1522 2040 1760 2092 conspectu

392 2104 619 2153 hominum
654 2105 947 2147 conversatur,
983 2095 1115 2139 habet
1150 2096 1289 2141 oleum
1325 2114 1465 2143 secum
1487 2136 1496 2154 ,
1524 2116 1613 2162 quo
1642 2100 1760 2145 hona

398 2192 526 2240 Opera
553 2175 642 2230 ejus
661 2168 786 2211 etiam
807 2166 849 2210 in
872 2176 1105 2227 conspectu
1128 2167 1355 2212 hominum
1376 2169 1561 2214 lucentia
1586 2185 1670 2215 non
1688 2187 1759 2215 ex-

393 2249 648 2305 tinguuntur
666 2255 676 2281 t
697 2236 798 2299 quia
819 2252 906 2279 non
928 2235 972 2280 in
992 2252 1039 2280 eo
1055 2236 1243 2281 charitas
1262 2237 1494 2297 refrigescit
1512 2240 1761 2294 abundante

394 2313 647 2378 iniquitate,
682 2305 753 2351 scd
785 2316 1026 2368 perseverat
1064 2323 1197 2369 usque
1225 2307 1268 2352 in
1307 2308 1450 2356 finem.
1489 2310 1583 2355 Hoc
1616 2310 1760 2356 oleum

393 2384 535 2433 stultae
551 2377 732 2437 virgines
746 2392 829 2419 non
848 2374 1011 2418 liabent
1025 2392 1187 2430 seeum,
1205 2378 1411 2439 quoniam
1431 2379 1512 2424 sibi
1529 2379 1761 2425 tribuendo

391 2459 425 2504 si
447 2452 553 2519 quid
567 2448 673 2495 boni
691 2445 832 2508 operis
849 2444 1030 2498 faciunt,
1056 2462 1222 2491 neeesse
1241 2447 1517 2494 estinssentur
1534 2450 1757 2512 superbia,

389 2540 429 2574 01
455 2531 633 2589 propter
655 2518 741 2562 hoc
765 2515 917 2561 vitium
943 2515 1001 2560 sic
1026 2514 1153 2561 laude
1175 2515 1442 2564 delectentur
1464 2519 1655 2565 humana
1675 2557 1685 2573 ‚
1712 2529 1760 2566 ut

434 2611 443 2631 ¹
465 2606 546 2640 Psal.
570 2614 611 2638 iv,
628 2602 659 2631 6·
