1799 3251
557 324 768 357 EPISTOLA
804 325 992 356 chxxv.
1373 310 1458 367 461

94 393 153 438 eis
167 429 178 448 ‚
200 391 338 456 quiin
361 390 434 436 illa
460 408 546 437 esse
565 390 795 436 voluissent
820 408 830 435 :
861 390 933 435 sed
955 390 1040 435 hoc
1059 389 1205 453 potius
1223 391 1464 436 constitue-

94 473 215 517 rent,
244 473 292 507 ut
315 478 463 507 eorum
489 461 669 507 furiosas
701 460 926 505 violentias
952 476 1041 504 non
1076 470 1329 522 paterentur
1348 497 1360 516 ,
1392 458 1470 522 qui

93 533 316 579 veritatem
338 531 600 577 catholicam
620 530 687 576 vel
707 530 998 593 praedicarent
1027 530 1248 593 loquendo
1269 568 1279 587 ‚
1315 529 1384 576 vel
1401 529 1467 574 le-

94 613 242 663 gerent
281 601 599 648 constituendO.
651 600 780 657 Quod
823 618 872 646 eo
910 600 1040 647 modo
1074 601 1167 646 fieri
1197 601 1468 663 aliquatenus

94 690 219 737 posse
241 672 523 728 arbitramur,
541 671 574 717 si
589 671 722 730 legem
741 670 948 733 piissimae
971 670 1194 716 memoriae
1212 670 1466 725 Theodosii,

93 758 222 805 quam
251 741 504 801 generaliter
527 742 571 786 in
601 757 747 785 omnes
766 740 995 785 haereticos
1017 739 1339 801 promulgavit,
1363 761 1383 780 «
1410 740 1469 784 Ut

94 813 292 876 quisquis
317 829 467 857 eorum
491 812 721 875 episcopus
747 809 815 856 vel
850 809 1030 855 clericus
1061 809 1249 854 ubilibet
1272 819 1379 854 esset
1401 809 1473 853 in-

92 893 266 939 ventus,
284 881 432 927 decem
448 881 571 927 libris
596 882 689 926 auri
712 880 1043 933 mulctaretur‚›>
1056 879 1289 942 expressius
1311 878 1358 924 in
1374 879 1470 924 Do-

94 952 271 997 natistas
294 989 304 1007 ,
334 952 410 1014 qui
440 968 481 996 se
511 950 728 1010 negabant
751 950 1004 1005 haereticos,
1036 949 1096 994 ita
1120 949 1437 994 confirmarent
1461 984 1472 1003 ‚

95 1032 143 1067 ut
164 1038 251 1067 non
277 1038 424 1066 omnes
448 1038 495 1066 ea
520 1020 658 1065 multa
679 1019 937 1076 ferirentur,
965 1018 1037 1064 sed
1055 1019 1099 1064 in
1122 1035 1308 1082 quorum
1328 1018 1471 1077 regio-

94 1091 223 1136 nibus
248 1090 415 1154 aliquas
441 1090 664 1135 violentias
687 1108 708 1135 a
737 1089 926 1144 clericis,
952 1088 1020 1134 vel
1039 1106 1061 1133 a
1087 1088 1468 1134 Circumcellioni-

94 1162 204 1216 buzi,
237 1160 304 1205 vel
331 1159 507 1223 populis
530 1176 679 1204 eorum
704 1196 714 1214 ‚
758 1158 941 1204 Ecclesia
967 1157 1184 1203 catholica
1210 1168 1432 1221 pateretur
1454 1174 1465 1201 ε

96 1241 145 1276 ut
168 1229 333 1275 scilicet
353 1241 452 1293 post
470 1230 829 1293 protestationem
855 1227 1188 1285 catholicorum,
1205 1227 1280 1290 qui
1295 1226 1472 1272 fuissent

94 1301 174 1347 ista
193 1300 385 1364 perpessi
406 1337 417 1356 ‚
443 1303 534 1359 jam
560 1317 665 1345 cura
686 1298 890 1344 ordinum
922 1298 974 1344 ad
996 1297 1327 1361 persolvendam
1354 1296 1472 1341 mul-

96 1382 184 1417 tam
223 1371 418 1433 episcopi
453 1370 540 1416 sive
565 1369 751 1415 ministri
786 1369 932 1414 caeteri
964 1378 1223 1414 tenerentur.
1258 1368 1322 1412 Ita
1356 1366 1469 1411 enim

95 1441 444 1487 existimabamus
468 1440 526 1486 eis
554 1440 711 1485 territis
734 1477 744 1495 ‚
777 1450 818 1484 et
843 1439 957 1484 nihil
986 1437 1069 1484 tale
1096 1437 1234 1484 facere
1264 1435 1469 1482 audenti-

95 1510 179 1557 bus
195 1548 205 1566 ,
232 1528 355 1574 posse
388 1509 522 1555 libere
547 1508 693 1555 doceri
720 1519 761 1554 et
787 1508 920 1554 teneri
942 1507 1204 1554 catholicam
1224 1507 1469 1560 veritatem,

98 1593 147 1627 ut
173 1581 226 1626 ad
250 1599 344 1627 eam
371 1591 597 1640 cogeretur
628 1598 779 1637 nemo,
810 1579 882 1625 sed
907 1597 999 1625 eam
1021 1579 1097 1642 qui
1125 1578 1214 1624 sine
1240 1575 1471 1623 formidine

96 1651 222 1699 vellet
243 1661 490 1715 sequeretur
508 1688 518 1706 ‚
549 1668 600 1695 ne
622 1649 750 1695 falsos
771 1660 812 1695 et
831 1648 1099 1694 simulatores
1119 1646 1359 1694 catholicos
1383 1646 1468 1690 ha-

97 1723 309 1769 beremus,
334 1723 388 1767 Et
413 1722 610 1784 quamvis
643 1721 735 1766 aliis
759 1720 965 1766 fratribus
984 1718 1102 1765 aliud
1126 1718 1466 1775 vide1·etur‚jam

99 1803 226 1839 aetate
252 1792 524 1853 gravioribus
545 1829 555 1847 ‚
587 1791 653 1838 vel
681 1790 919 1836 multarum
954 1790 1179 1836 civitatum
1212 1799 1252 1834 et
1275 1787 1471 1832 locorum

99 1862 291 1925 exempla
319 1862 593 1907 cernentibus
612 1898 622 1917 ‚
655 1861 733 1906 ubi
766 1861 937 1905 firmam
964 1870 1006 1905 et
1035 1876 1179 1905 veram
1211 1857 1473 1903 catholicam

100 1931 380 1984 videbamus,
409 1949 508 1995 quae
532 1943 672 1976 tamen
697 1931 758 1976 ibi
787 1930 945 1976 talibus
969 1929 1191 1975 beneficiis
1218 1928 1295 1973 Dei
1315 1926 1473 1972 consti-

102 2013 194 2047 tuta
214 2013 318 2048 esset
339 2012 468 2064 atque
490 2002 678 2054 firmata,
704 1999 809 2045 dum
837 2017 914 2062 per
930 2000 1127 2063 priorum
1153 2000 1475 2061 Imperatorum

100 2073 210 2133 leges
228 2072 282 2118 ad
301 2073 651 2118 communionem
673 2071 870 2116 homines
894 2069 1157 2116 catholicam
1183 2076 1438 2127 cogerentur
1461 2082 1471 2108 ι

101 2142 371 2188 obtinuimus
397 2152 539 2187 tamen
565 2153 612 2187 ut
633 2140 742 2186 illud
764 2140 934 2203 potius,
967 2139 1087 2203 quod
1108 2139 1194 2185 dixi
1214 2175 1223 2193 ,
1259 2137 1313 2182 ab
1336 2137 1476 2198 Impe-

102 2212 320 2258 ratoribus
340 2222 556 2274 peteretur
576 2231 586 2265 ;
609 2211 830 2256 decretum
854 2220 914 2254 est
933 2210 976 2254 in
1005 2210 1191 2254 concilio
1212 2216 1357 2252 nostro
1373 2242 1384 2261 ,
1411 2204 1476 2248 le-

103 2283 188 2342 gati
214 2281 267 2326 ad
293 2281 558 2326 Comitatum
580 2281 691 2325 missi
713 2291 825 2325 sunt.

167 2351 330 2398 XXVI.
364 2351 449 2396 Sed
470 2352 546 2396 Dei
572 2354 708 2410 major
730 2349 1042 2405 misericordia,
1061 2349 1135 2412 qui
1160 2348 1302 2401 sciret,
1322 2344 1480 2389 harum

103 2422 244 2481 legum
273 2431 409 2466 terror
425 2431 465 2466 et
484 2420 684 2483 quaedam
711 2419 978 2464 medicinalis
1003 2418 1195 2463 molestia
1216 2431 1343 2480 quam
1361 2411 1479 2458 mul-

106 2503 251 2537 torum
278 2501 383 2536 esset
411 2493 555 2554 pravis
594 2489 659 2535 vel
686 2488 850 2548 frigidis
880 2489 1031 2533 animis
1058 2487 1292 2533 necessaria
1311 2521 1323 2540 ,
1347 2493 1388 2528 et
1417 2480 1481 2526 illi

106 2560 314 2616 duritiae‚
348 2578 448 2624 quae
472 2560 615 2606 verbis
650 2558 869 2605 emendari
908 2575 993 2603 non
1031 2569 1202 2621 potest,
1245 2554 1318 2601 secl
1339 2563 1483 2597 tamen

112 2630 379 2695 aliquantula
400 2631 620 2678 severitate
639 2628 881 2692 disciplinae
907 2639 1076 2691 potest,
1105 2627 1149 2673 id
1179 2626 1264 2685 egit
1292 2634 1337 2670 ut
1359 2619 1486 2679 legati
