1799 3251
535 292 747 324 nrrsrom
782 294 961 325 chvm.
1356 281 1442 343 159

70 359 192 417 juxta
210 367 378 403 naturae
401 373 490 402 suae
510 358 822 421 proprietatem
849 358 969 404 nulla
987 359 1132 405 videat
1157 370 1376 416 creatura,
1403 370 1445 405 et

78 438 182 473 tunc
207 438 348 472 mente
370 440 592 482 cernatur,
619 428 797 491 quando
824 428 1053 473 invisibilis
1077 428 1316 492 creditur.]

138 498 260 544 VIII.
298 498 348 541 ln
373 497 440 542 his
459 498 603 543 verbis
623 498 810 544 hominis
836 498 939 552 Dei,
972 499 1111 544 multa
1136 497 1447 545 consideranda

75 578 188 615 sunt.
209 568 404 612 Primum
421 604 431 623 ,
453 568 554 631 quia
569 568 807 614 secundum
829 569 1142 631 apertissimam
1161 569 1336 614 Domini
1355 586 1447 614 sen-

77 637 250 684 tentiam
279 637 408 683 etiam
438 638 529 700 ipse
566 639 693 684 sentit
728 649 833 684 tunc
865 655 942 683 nos
964 639 1128 684 visuros
1151 638 1305 684 faciem
1336 640 1442 694 Dei,

75 725 175 754 curn
205 708 249 754 in
287 707 480 767 Angelos
507 707 842 771 profecerimus,
870 708 915 754 id
941 719 1024 764 est,
1063 708 1249 771 aequales
1277 708 1447 768 Angelis

74 778 178 826 facti
198 777 435 832 fuerimus3
456 778 572 841 quod
594 779 674 825 erit
690 780 838 844 utique
859 779 905 824 iu
932 773 1242 824 resurrectione
1261 789 1448 835 mortuo·-

75 864 184 896 rum.
227 848 392 894 Deinde
428 849 668 912 apostolico
705 850 951 895 testimonio
989 851 1087 894 satis
1125 850 1293 912 aperuit
1313 885 1323 904 ,
1363 865 1450 894 non

75 919 290 966 exterioris
324 918 397 964 sed
430 919 646 965 interioris
677 921 867 967 hominis
900 919 1053 965 faciem
1089 919 1446 979 intelligendam,

77 1006 180 1036 cum
204 989 452 1036 videbimus
473 989 584 1036 facie
615 991 668 1038 ad
692 991 844 1037 faciem
871 1009 881 1036 t
906 990 959 1036 de
984 990 1092 1036 facie
1115 992 1282 1054 quippe
1307 989 1450 1036 cordis

79 1060 345 1124 loquebatur
365 1060 621 1124 Apostolus1
637 1098 648 1117 ‚
671 1079 771 1107 curn
797 1062 959 1107 diceret
982 1060 1101 1124 quod
1132 1061 1238 1105 hinc
1257 1077 1451 1106 commei

76 1130 263 1177 moravit
300 1149 310 1176 ε
343 1152 364 1173 «
384 1131 473 1177 Nos
512 1143 655 1178 autem
694 1132 881 1178 revelata
921 1132 1030 1177 facie
1070 1130 1250 1190 gloriam
1274 1129 1451 1175 Domini

79 1224 100 1244 >2
122 1201 418 1265 speculantes,
458 1202 504 1247 in
535 1201 735 1249 eamdem
771 1202 1008 1262 imaginem
1038 1201 1408 1247 transformamur.
1434 1220 1454 1242 ι)

79 1272 211 1330 Quod
231 1274 264 1318 si
285 1273 516 1336 quisquam
538 1273 731 1330 dubitat,
755 1284 972 1319 recenseat
994 1272 1194 1318 eumdem
1217 1271 1359 1317 locum
1382 1308 1393 1326 ,
1416 1281 1458 1316 et

79 1343 275 1389 attendat
290 1342 405 1389 unde
423 1343 659 1406 Apostolus
675 1343 955 1406 loquebatur,
986 1343 1040 1388 de
1064 1342 1276 1388 velamine
1294 1341 1458 1387 scilicet

79 1413 200 1477 quod
226 1423 372 1459 manet
397 1413 443 1458 in
470 1413 656 1459 lectione
679 1414 844 1460 Veteris
869 1412 1154 1468 Testamenti,
1175 1411 1314 1457 donee
1334 1411 1455 1474 quis—

80 1501 164 1547 que
198 1494 388 1530 transeat
421 1482 477 1528 ad
519 1484 770 1540 Christum,
796 1495 844 1530 ut
879 1482 1099 1529 auferatur
1132 1481 1338 1529 velamen.
1382 1481 1452 1528 lbi

80 1555 247 1618 quippe
264 1554 372 1600 dicit
392 1572 403 1599 ι
425 1574 445 1595 «
466 1555 554 1600 Nos
576 1566 718 1601 autem
737 1554 922 1601 revelata
939 1554 1046 1600 facie
1068 1553 1250 1614 gloriam
1274 1552 1452 1599 Domini

83 1646 104 1667 »
127 1623 418 1688 speculante33
441 1645 462 1666 2>
484 1641 585 1687 quae
601 1624 730 1671 facies
747 1625 792 1670 in
816 1624 981 1670 Judaeis
1005 1641 1093 1669 non
1119 1633 1209 1669 erat
1230 1622 1416 1669 revelata
1436 1640 1446 1667 ε

83 1696 137 1740 de
161 1695 323 1758 quibus
345 1694 453 1740 dicit
489 1712 500 1739 ε
531 1716 550 1736 κ
575 1695 778 1741 Velamen
812 1713 941 1759 super
967 1712 1043 1741 cor
1075 1710 1225 1739 eorum
1257 1693 1450 1755 positum

84 1765 190 1821 est²‚
210 1787 231 1807 ›>
248 1775 297 1810 ut
315 1764 512 1810 ostendat
532 1765 676 1811 cordis
693 1765 847 1811 faciem
868 1765 995 1811 nobis
1018 1781 1104 1810 esse
1130 1762 1360 1809 revelatam
1376 1780 1452 1809 ve-

83 1834 242 1885 lamine
259 1834 418 1882 ablatO.
441 1835 664 1881 Postremo
680 1853 733 1881 ne
750 1837 980 1900 quisquam
1000 1835 1082 1880 ista
1106 1834 1248 1879 minus
1261 1832 1452 1888 intuens,

85 1906 314 1968 minusque
349 1904 622 1962 discernens,
651 1906 866 1951 visibilem
906 1906 1047 1951 Deum
1084 1903 1151 1950 vel
1187 1902 1358 1963 Angelis
1390 1902 1456 1948 vel

87 1975 368 2031 hominibus,
411 1991 511 2021 cum
544 1975 730 2039 aequales
767 1976 939 2036 Angelis
973 1974 1076 2020 facti
1107 1974 1341 2030 fuerimus,
1369 1974 1456 2019 sive

87 2061 204 2091 nunc
223 2062 330 2103 esse;
352 2045 439 2092 sive
461 2046 659 2092 futurum
679 2064 765 2093 esse
785 2046 978 2093 crederet
996 2082 1006 2101 ,
1024 2044 1338 2092 evidentissime
1350 2042 1458 2107 quid

87 2116 261 2165 sentiret
291 2116 516 2179 expressit,
553 2116 698 2163 dicens
726 2135 738 2163 ε
765 2117 926 2180 [Quod
953 2116 1106 2162 faiciem
1132 2115 1210 2160 Dei
1226 2118 1347 2174 Juxta
1378 2132 1459 2160 na-

90 2197 201 2233 turae
231 2203 320 2232 suae
356 2187 670 2250 proprietatem
706 2187 824 2233 nulla
849 2187 994 2233 videat
1026 2195 1248 2240 creatura,
1275 2195 1317 2230 et
1354 2195 1459 2231 tunc

90 2268 230 2304 mente
244 2269 460 2314 cernatur,
485 2257 660 2320 quando
679 2257 908 2304 invisibilis
931 2256 1136 2303 creditur.
1156 2254 1170 2319 ]
1191 2255 1315 2301 Unde
1337 2253 1460 2301 suffl-

91 2328 253 2374 cienter
275 2328 558 2388 significavit,
587 2328 767 2391 quando
800 2328 916 2374 visus
939 2338 1001 2372 est
1027 2327 1082 2372 ab
1102 2326 1356 2371 hominibus
1385 2341 1464 2389 per

92 2398 240 2445 oeulos
263 2399 458 2461 eorporis
474 2434 486 2455 ,
515 2409 721 2462 tanquam
755 2399 846 2462 ipse
869 2413 1127 2461 corporeus,
1158 2411 1247 2441 non
1266 2413 1365 2441 eum
1398 2411 1465 2442 se-

92 2469 288 2518 eundum
310 2480 479 2516 naturae
509 2487 599 2516 suae
622 2471 932 2534 proprietatem
955 2468 1085 2515 fuisse
1106 2467 1272 2523 visum,
1307 2467 1353 2512 in
1377 2483 1463 2531 qua

94 2551 199 2588 tunc
223 2551 364 2588 mente
379 2540 588 2596 cernitur,
608 2540 786 2605 qua-ndo
805 2538 1034 2589 invisibilis
1058 2538 1263 2586 ereditur.
1290 2537 1463 2595 Quibus

143 2624 190 2656 ²2
205 2625 280 2661 Cor.
301 2625 422 2666 11i,18.
436 2622 508 2650 --2
523 2623 607 2659 Ibid.
628 2625 682 2660 15.
