<?xml version="1.0" encoding="UTF-8"?>
<!DOCTYPE html PUBLIC "-//W3C//DTD XHTML 1.0 Transitional//EN"
    "http://www.w3.org/TR/xhtml1/DTD/xhtml1-transitional.dtd">
<html xmlns="http://www.w3.org/1999/xhtml" xml:lang="en" lang="en">
 <head>
  <title>
</title>
<meta http-equiv="Content-Type" content="text/html;charset=utf-8" />
  <meta name='ocr-system' content='tesseract 3.04.00' />
  <meta name='ocr-capabilities' content='ocr_page ocr_carea ocr_par ocr_line ocrx_word'/>
</head>
<body>
  <div class='ocr_page' id='page_1' title='image "./operaomniaaccura40auguuoft/operaomniaaccura40auguuoft_0194.png"; bbox 0 0 1799 3251; ppageno 0'>
   <div class='ocr_carea' id='block_1_1' title="bbox 323 236 1305 292">
    <p class='ocr_par' dir='ltr' id='par_1_1' title="bbox 323 236 1305 292">
     <span class='ocr_line' id='line_1_1' title="bbox 323 236 1305 292; baseline 0 -9"><span class='ocrx_word' id='word_1_1' title='bbox 323 236 409 292; x_wconf 62' lang='lat'>184</span> <span class='ocrx_word' id='word_1_2' title='bbox 746 252 779 282; x_wconf 74' lang='lat'>5.</span> <span class='ocrx_word' id='word_1_3' title='bbox 824 251 1065 282; x_wconf 70' lang='lat' dir='ltr'>Arcus‘sim</span> <span class='ocrx_word' id='word_1_4' title='bbox 1103 252 1305 283; x_wconf 76' lang='lat' dir='ltr'><strong>EPISCOPI</strong></span> 
     </span>
    </p>
   </div>
   <div class='ocr_carea' id='block_1_2' title="bbox 290 318 1736 2559">
    <p class='ocr_par' dir='ltr' id='par_1_2' title="bbox 312 318 1700 1790">
     <span class='ocr_line' id='line_1_2' title="bbox 377 318 1686 380; baseline 0.003 -18"><span class='ocrx_word' id='word_1_5' title='bbox 377 319 476 362; x_wconf 69' lang='lat' dir='ltr'>‚XXl</span> <span class='ocrx_word' id='word_1_6' title='bbox 493 320 544 363; x_wconf 87' lang='lat' dir='ltr'>ll.</span> <span class='ocrx_word' id='word_1_7' title='bbox 575 321 829 380; x_wconf 66' lang='lat' dir='ltr'>Responsio</span> <span class='ocrx_word' id='word_1_8' title='bbox 846 318 1226 380; x_wconf 71' lang='lat' dir='ltr'>aclqlm’slionem</span> <span class='ocrx_word' id='word_1_9' title='bbox 1247 320 1304 362; x_wconf 75' lang='lat' dir='ltr'>(le</span> <span class='ocrx_word' id='word_1_10' title='bbox 1329 319 1503 363; x_wconf 52' lang='lat' dir='ltr'>(soloas.</span> <span class='ocrx_word' id='word_1_11' title='bbox 1537 336 1586 373; x_wconf 81' lang='lat' dir='ltr'>ii,</span> <span class='ocrx_word' id='word_1_12' title='bbox 1618 321 1686 366; x_wconf 77' lang='grc'>18.</span> 
     </span>
     <span class='ocr_line' id='line_1_3' title="bbox 316 387 1690 451; baseline 0 -18"><span class='ocrx_word' id='word_1_13' title='bbox 316 418 378 422; x_wconf 81' lang='lat'>——</span> <span class='ocrx_word' id='word_1_14' title='bbox 394 390 442 433; x_wconf 86' lang='lat' dir='ltr'>ln</span> <span class='ocrx_word' id='word_1_15' title='bbox 467 387 660 451; x_wconf 73' lang='lat' dir='ltr'>Epistola</span> <span class='ocrx_word' id='word_1_16' title='bbox 683 404 815 449; x_wconf 89' lang='lat' dir='ltr'>porro</span> <span class='ocrx_word' id='word_1_17' title='bbox 831 387 881 431; x_wconf 84' lang='lat' dir='ltr'>ad</span> <span class='ocrx_word' id='word_1_18' title='bbox 908 387 1194 442; x_wconf 75' lang='lat' dir='ltr'>Colossenses,</span> <span class='ocrx_word' id='word_1_19' title='bbox 1218 387 1336 450; x_wconf 88' lang='lat' dir='ltr'>quod</span> <span class='ocrx_word' id='word_1_20' title='bbox 1359 388 1572 451; x_wconf 89' lang='lat' dir='ltr'>scriptum</span> <span class='ocrx_word' id='word_1_21' title='bbox 1596 398 1658 433; x_wconf 88' lang='lat' dir='ltr'>est</span> <span class='ocrx_word' id='word_1_22' title='bbox 1679 405 1690 433; x_wconf 76' lang='grc' dir='ltr'>ε</span> 
     </span>
     <span class='ocr_line' id='line_1_4' title="bbox 314 457 1694 522; baseline 0 -18"><span class='ocrx_word' id='word_1_23' title='bbox 314 481 332 499; x_wconf 76' lang='grc' dir='ltr'><em>α</em></span> <span class='ocrx_word' id='word_1_24' title='bbox 353 460 489 504; x_wconf 83' lang='lat' dir='ltr'>Nemo</span> <span class='ocrx_word' id='word_1_25' title='bbox 510 475 585 504; x_wconf 76' lang='lat' dir='ltr'>vos</span> <span class='ocrx_word' id='word_1_26' title='bbox 603 457 781 502; x_wconf 84' lang='lat' dir='ltr'>seducat</span> <span class='ocrx_word' id='word_1_27' title='bbox 805 457 948 502; x_wconf 84' lang='lat' dir='ltr'>volens</span> <span class='ocrx_word' id='word_1_28' title='bbox 965 459 1010 502; x_wconf 89' lang='lat' dir='ltr'>in</span> <span class='ocrx_word' id='word_1_29' title='bbox 1034 457 1232 503; x_wconf 82' lang='lat' dir='ltr'>humilita</span> <span class='ocrx_word' id='word_1_30' title='bbox 1242 469 1298 514; x_wconf 84' lang='lat' dir='ltr'>te,</span> <span class='ocrx_word' id='word_1_31' title='bbox 1318 480 1337 498; x_wconf 90' lang='lat'>»</span> <span class='ocrx_word' id='word_1_32' title='bbox 1357 469 1400 503; x_wconf 90' lang='lat' dir='ltr'>et</span> <span class='ocrx_word' id='word_1_33' title='bbox 1420 469 1575 504; x_wconf 83' lang='lat' dir='ltr'>caetera</span> <span class='ocrx_word' id='word_1_34' title='bbox 1594 475 1694 522; x_wconf 83' lang='lat' dir='ltr'>quae</span> 
     </span>
     <span class='ocr_line' id='line_1_5' title="bbox 315 528 1694 592; baseline -0.001 -17"><span class='ocrx_word' id='word_1_35' title='bbox 315 540 576 592; x_wconf 86' lang='lat' dir='ltr'>sequuntur,</span> <span class='ocrx_word' id='word_1_36' title='bbox 604 545 831 591; x_wconf 83' lang='lat' dir='ltr'>quousque</span> <span class='ocrx_word' id='word_1_37' title='bbox 869 528 949 573; x_wconf 88' lang='lat' dir='ltr'>tibi</span> <span class='ocrx_word' id='word_1_38' title='bbox 971 529 1158 574; x_wconf 87' lang='lat' dir='ltr'>obscura</span> <span class='ocrx_word' id='word_1_39' title='bbox 1189 545 1274 573; x_wconf 86' lang='lat' dir='ltr'>esse</span> <span class='ocrx_word' id='word_1_40' title='bbox 1317 528 1487 584; x_wconf 81' lang='lat' dir='ltr'>dixisti,</span> <span class='ocrx_word' id='word_1_41' title='bbox 1517 546 1595 574; x_wconf 87' lang='lat' dir='ltr'>nec</span> <span class='ocrx_word' id='word_1_42' title='bbox 1617 546 1694 589; x_wconf 83' lang='lat' dir='ltr'>ego</span> 
     </span>
     <span class='ocr_line' id='line_1_6' title="bbox 321 598 1695 662; baseline -0.001 -17"><span class='ocrx_word' id='word_1_43' title='bbox 321 600 469 645; x_wconf 78' lang='lat' dir='ltr'>adhuc</span> <span class='ocrx_word' id='word_1_44' title='bbox 504 600 595 644; x_wconf 82' lang='lat' dir='ltr'>sine</span> <span class='ocrx_word' id='word_1_45' title='bbox 634 598 817 658; x_wconf 81' lang='lat' dir='ltr'>caligine</span> <span class='ocrx_word' id='word_1_46' title='bbox 841 598 1066 658; x_wconf 83' lang='lat' dir='ltr'>intelligo:</span> <span class='ocrx_word' id='word_1_47' title='bbox 1096 608 1224 662; x_wconf 85' lang='lat' dir='ltr'>atque</span> <span class='ocrx_word' id='word_1_48' title='bbox 1247 598 1413 643; x_wconf 86' lang='lat' dir='ltr'>utinam</span> <span class='ocrx_word' id='word_1_49' title='bbox 1432 615 1619 661; x_wconf 71' lang='lat' dir='ltr'>praesens</span> <span class='ocrx_word' id='word_1_50' title='bbox 1641 598 1695 644; x_wconf 88' lang='lat' dir='ltr'>de</span> 
     </span>
     <span class='ocr_line' id='line_1_7' title="bbox 315 669 1694 732; baseline -0.001 -17"><span class='ocrx_word' id='word_1_51' title='bbox 315 689 381 716; x_wconf 88' lang='lat' dir='ltr'>me</span> <span class='ocrx_word' id='word_1_52' title='bbox 414 671 492 715; x_wconf 85' lang='lat' dir='ltr'>ista</span> <span class='ocrx_word' id='word_1_53' title='bbox 516 669 769 732; x_wconf 61' lang='lat' dir='ltr'>quaesiisses.</span> <span class='ocrx_word' id='word_1_54' title='bbox 822 670 872 714; x_wconf 91' lang='lat' dir='ltr'>In</span> <span class='ocrx_word' id='word_1_55' title='bbox 899 687 948 714; x_wconf 91' lang='lat' dir='ltr'>eo</span> <span class='ocrx_word' id='word_1_56' title='bbox 972 670 1138 731; x_wconf 74' lang='lat' dir='ltr'>quippe</span> <span class='ocrx_word' id='word_1_57' title='bbox 1178 685 1321 717; x_wconf 71' lang='lat' dir='ltr'>sensu,</span> <span class='ocrx_word' id='word_1_58' title='bbox 1350 685 1479 731; x_wconf 85' lang='lat' dir='ltr'>quem</span> <span class='ocrx_word' id='word_1_59' title='bbox 1516 669 1626 714; x_wconf 87' lang='lat' dir='ltr'>mihi</span> <span class='ocrx_word' id='word_1_60' title='bbox 1650 670 1694 714; x_wconf 92' lang='lat' dir='ltr'>in</span> 
     </span>
     <span class='ocr_line' id='line_1_8' title="bbox 317 739 1695 802; baseline -0.001 -16"><span class='ocrx_word' id='word_1_61' title='bbox 317 742 384 787; x_wconf 80' lang='lat' dir='ltr'>his</span> <span class='ocrx_word' id='word_1_62' title='bbox 408 741 548 786; x_wconf 76' lang='lat' dir='ltr'>verbis</span> <span class='ocrx_word' id='word_1_63' title='bbox 566 740 728 785; x_wconf 84' lang='lat' dir='ltr'>habere</span> <span class='ocrx_word' id='word_1_64' title='bbox 747 739 913 795; x_wconf 85' lang='lat' dir='ltr'>videor,</span> <span class='ocrx_word' id='word_1_65' title='bbox 933 739 1184 784; x_wconf 75' lang='lat' dir='ltr'>adhibenda</span> <span class='ocrx_word' id='word_1_66' title='bbox 1202 750 1263 784; x_wconf 91' lang='lat' dir='ltr'>est</span> <span class='ocrx_word' id='word_1_67' title='bbox 1276 739 1479 802; x_wconf 83' lang='lat' dir='ltr'>quaedam</span> <span class='ocrx_word' id='word_1_68' title='bbox 1502 757 1695 802; x_wconf 87' lang='lat' dir='ltr'>pronun-</span> 
     </span>
     <span class='ocr_line' id='line_1_9' title="bbox 313 811 1694 874; baseline -0.001 -16"><span class='ocrx_word' id='word_1_69' title='bbox 313 813 434 858; x_wconf 80' lang='lat' dir='ltr'>tiatio</span> <span class='ocrx_word' id='word_1_70' title='bbox 474 812 519 857; x_wconf 92' lang='lat' dir='ltr'>in</span> <span class='ocrx_word' id='word_1_71' title='bbox 546 811 672 857; x_wconf 87' lang='lat' dir='ltr'>vultu</span> <span class='ocrx_word' id='word_1_72' title='bbox 698 821 739 856; x_wconf 88' lang='lat' dir='ltr'>et</span> <span class='ocrx_word' id='word_1_73' title='bbox 763 811 893 856; x_wconf 85' lang='lat' dir='ltr'>modo</span> <span class='ocrx_word' id='word_1_74' title='bbox 926 811 1061 865; x_wconf 87' lang='lat' dir='ltr'>vocis,</span> <span class='ocrx_word' id='word_1_75' title='bbox 1100 812 1177 874; x_wconf 86' lang='lat' dir='ltr'>qui</span> <span class='ocrx_word' id='word_1_76' title='bbox 1204 811 1386 873; x_wconf 80' lang='lat' dir='ltr'>exprimi</span> <span class='ocrx_word' id='word_1_77' title='bbox 1415 811 1567 856; x_wconf 87' lang='lat' dir='ltr'>litteris</span> <span class='ocrx_word' id='word_1_78' title='bbox 1608 829 1694 857; x_wconf 86' lang='lat' dir='ltr'>non</span> 
     </span>
     <span class='ocr_line' id='line_1_10' title="bbox 316 880 1692 947; baseline -0.001 -18"><span class='ocrx_word' id='word_1_79' title='bbox 316 893 470 947; x_wconf 85' lang='lat' dir='ltr'>potest,</span> <span class='ocrx_word' id='word_1_80' title='bbox 496 892 541 927; x_wconf 88' lang='lat' dir='ltr'>ut</span> <span class='ocrx_word' id='word_1_81' title='bbox 561 900 606 927; x_wconf 83' lang='lat' dir='ltr'>ex</span> <span class='ocrx_word' id='word_1_82' title='bbox 633 899 719 945; x_wconf 84' lang='lat' dir='ltr'>qua</span> <span class='ocrx_word' id='word_1_83' title='bbox 738 892 860 945; x_wconf 81' lang='lat' dir='ltr'>parte</span> <span class='ocrx_word' id='word_1_84' title='bbox 890 881 1242 945; x_wconf 63' lang='lat' dir='ltr'>aperienturquod</span> <span class='ocrx_word' id='word_1_85' title='bbox 1258 880 1354 926; x_wconf 87' lang='lat' dir='ltr'>ideo</span> <span class='ocrx_word' id='word_1_86' title='bbox 1378 882 1427 926; x_wconf 90' lang='lat' dir='ltr'>fit</span> <span class='ocrx_word' id='word_1_87' title='bbox 1450 882 1692 937; x_wconf 82' lang='lat' dir='ltr'>obscurius,</span> 
     </span>
     <span class='ocr_line' id='line_1_11' title="bbox 312 951 1693 1018; baseline -0.001 -21"><span class='ocrx_word' id='word_1_88' title='bbox 312 954 519 1018; x_wconf 83' lang='lat' dir='ltr'>quianon</span> <span class='ocrx_word' id='word_1_89' title='bbox 537 962 667 1007; x_wconf 86' lang='lat' dir='ltr'>recte,</span> <span class='ocrx_word' id='word_1_90' title='bbox 690 952 803 997; x_wconf 86' lang='lat' dir='ltr'>sicut</span> <span class='ocrx_word' id='word_1_91' title='bbox 825 951 1036 999; x_wconf 75' lang='lat' dir='ltr'>existimo,</span> <span class='ocrx_word' id='word_1_92' title='bbox 1068 951 1393 1014; x_wconf 83' lang='lat' dir='ltr'>pronuntiatur.</span> <span class='ocrx_word' id='word_1_93' title='bbox 1427 951 1556 1007; x_wconf 78' lang='lat' dir='ltr'>Quod</span> <span class='ocrx_word' id='word_1_94' title='bbox 1580 951 1693 996; x_wconf 89' lang='lat' dir='ltr'>enim</span> 
     </span>
     <span class='ocr_line' id='line_1_12' title="bbox 318 1021 1695 1085; baseline -0.002 -16"><span class='ocrx_word' id='word_1_95' title='bbox 318 1024 533 1085; x_wconf 88' lang='lat' dir='ltr'>scriptum</span> <span class='ocrx_word' id='word_1_96' title='bbox 563 1033 650 1067; x_wconf 88' lang='lat' dir='ltr'>est:</span> <span class='ocrx_word' id='word_1_97' title='bbox 680 1044 699 1062; x_wconf 85' lang='lat'>«</span> <span class='ocrx_word' id='word_1_98' title='bbox 724 1023 786 1067; x_wconf 85' lang='lat' dir='ltr'>Ne</span> <span class='ocrx_word' id='word_1_99' title='bbox 813 1021 1050 1081; x_wconf 77' lang='lat' dir='ltr'>tetigeritis,</span> <span class='ocrx_word' id='word_1_100' title='bbox 1076 1038 1128 1066; x_wconf 88' lang='lat' dir='ltr'>ne</span> <span class='ocrx_word' id='word_1_101' title='bbox 1151 1021 1438 1080; x_wconf 75' lang='lat' dir='ltr'>gustaveritis,</span> <span class='ocrx_word' id='word_1_102' title='bbox 1455 1039 1505 1066; x_wconf 88' lang='lat' dir='ltr'>ne</span> <span class='ocrx_word' id='word_1_103' title='bbox 1526 1022 1695 1066; x_wconf 83' lang='lat' dir='ltr'>attami-</span> 
     </span>
     <span class='ocr_line' id='line_1_13' title="bbox 317 1091 1692 1155; baseline -0.001 -17"><span class='ocrx_word' id='word_1_104' title='bbox 317 1116 336 1135; x_wconf 83' lang='lat'>»</span> <span class='ocrx_word' id='word_1_105' title='bbox 367 1092 568 1138; x_wconf 77' lang='lat' dir='ltr'>naveritis</span> <span class='ocrx_word' id='word_1_106' title='bbox 601 1091 615 1119; x_wconf 82' lang='lat'>&#39;¹</span> <span class='ocrx_word' id='word_1_107' title='bbox 638 1113 657 1131; x_wconf 83' lang='lat'>»</span> <span class='ocrx_word' id='word_1_108' title='bbox 692 1102 899 1155; x_wconf 87' lang='lat' dir='ltr'>tanquam</span> <span class='ocrx_word' id='word_1_109' title='bbox 940 1102 1214 1154; x_wconf 74' lang='lat' dir='ltr'>praeceptum</span> <span class='ocrx_word' id='word_1_110' title='bbox 1252 1102 1436 1154; x_wconf 83' lang='lat' dir='ltr'>putatur</span> <span class='ocrx_word' id='word_1_111' title='bbox 1469 1092 1692 1154; x_wconf 86' lang='lat' dir='ltr'>Apostoli,</span> 
     </span>
     <span class='ocr_line' id='line_1_14' title="bbox 321 1161 1691 1225; baseline -0.001 -17"><span class='ocrx_word' id='word_1_112' title='bbox 321 1163 463 1208; x_wconf 88' lang='lat' dir='ltr'>nescio</span> <span class='ocrx_word' id='word_1_113' title='bbox 486 1161 594 1225; x_wconf 83' lang='lat' dir='ltr'>quid</span> <span class='ocrx_word' id='word_1_114' title='bbox 635 1172 835 1221; x_wconf 82' lang='lat' dir='ltr'>tangere,</span> <span class='ocrx_word' id='word_1_115' title='bbox 878 1172 1049 1220; x_wconf 81' lang='lat' dir='ltr'>gustare</span> <span class='ocrx_word' id='word_1_116' title='bbox 1069 1198 1079 1216; x_wconf 91' lang='lat'>,</span> <span class='ocrx_word' id='word_1_117' title='bbox 1121 1162 1377 1206; x_wconf 81' lang='lat' dir='ltr'>attaminare</span> <span class='ocrx_word' id='word_1_118' title='bbox 1402 1161 1691 1224; x_wconf 86' lang='lat' dir='ltr'>prohibentis.</span> 
     </span>
     <span class='ocr_line' id='line_1_15' title="bbox 321 1232 1695 1287; baseline -0.001 -8"><span class='ocrx_word' id='word_1_119' title='bbox 321 1235 485 1279; x_wconf 81' lang='lat' dir='ltr'>Contra</span> <span class='ocrx_word' id='word_1_120' title='bbox 512 1243 574 1278; x_wconf 86' lang='lat' dir='ltr'>est</span> <span class='ocrx_word' id='word_1_121' title='bbox 605 1242 765 1287; x_wconf 83' lang='lat' dir='ltr'>autem,</span> <span class='ocrx_word' id='word_1_122' title='bbox 794 1232 827 1277; x_wconf 89' lang='lat' dir='ltr'>si</span> <span class='ocrx_word' id='word_1_123' title='bbox 849 1243 990 1277; x_wconf 79' lang='lat' dir='ltr'>tamen</span> <span class='ocrx_word' id='word_1_124' title='bbox 1022 1232 1067 1277; x_wconf 88' lang='lat' dir='ltr'>in</span> <span class='ocrx_word' id='word_1_125' title='bbox 1092 1243 1209 1277; x_wconf 77' lang='lat' dir='ltr'>tanta</span> <span class='ocrx_word' id='word_1_126' title='bbox 1231 1232 1587 1278; x_wconf 84' lang='lat' dir='ltr'>obscuritateista</span> <span class='ocrx_word' id='word_1_127' title='bbox 1611 1250 1695 1278; x_wconf 88' lang='lat' dir='ltr'>non</span> 
     </span>
     <span class='ocr_line' id='line_1_16' title="bbox 321 1302 1698 1366; baseline -0.001 -18"><span class='ocrx_word' id='word_1_128' title='bbox 321 1303 463 1349; x_wconf 75' lang='lat' dir='ltr'>fallor.</span> <span class='ocrx_word' id='word_1_129' title='bbox 495 1305 578 1348; x_wconf 84' lang='lat' dir='ltr'>Per</span> <span class='ocrx_word' id='word_1_130' title='bbox 596 1302 835 1348; x_wconf 80' lang='lat' dir='ltr'>irrisionem</span> <span class='ocrx_word' id='word_1_131' title='bbox 853 1302 1020 1365; x_wconf 84' lang='lat' dir='ltr'>quippe</span> <span class='ocrx_word' id='word_1_132' title='bbox 1044 1302 1176 1347; x_wconf 81' lang='lat' dir='ltr'>verba</span> <span class='ocrx_word' id='word_1_133' title='bbox 1199 1302 1346 1365; x_wconf 84' lang='lat' dir='ltr'>posuit</span> <span class='ocrx_word' id='word_1_134' title='bbox 1370 1319 1537 1357; x_wconf 86' lang='lat' dir='ltr'>eorum,</span> <span class='ocrx_word' id='word_1_135' title='bbox 1557 1320 1578 1348; x_wconf 87' lang='lat' dir='ltr'>a</span> <span class='ocrx_word' id='word_1_136' title='bbox 1594 1303 1698 1366; x_wconf 84' lang='lat' dir='ltr'>qui-</span> 
     </span>
     <span class='ocr_line' id='line_1_17' title="bbox 322 1372 1700 1436; baseline 0 -17"><span class='ocrx_word' id='word_1_137' title='bbox 322 1375 404 1419; x_wconf 88' lang='lat' dir='ltr'>bus</span> <span class='ocrx_word' id='word_1_138' title='bbox 430 1392 499 1420; x_wconf 86' lang='lat' dir='ltr'>eos</span> <span class='ocrx_word' id='word_1_139' title='bbox 524 1373 698 1418; x_wconf 82' lang='lat' dir='ltr'>nolebat</span> <span class='ocrx_word' id='word_1_140' title='bbox 734 1373 879 1436; x_wconf 82' lang='lat' dir='ltr'>decipi</span> <span class='ocrx_word' id='word_1_141' title='bbox 921 1383 1050 1435; x_wconf 84' lang='lat' dir='ltr'>atque</span> <span class='ocrx_word' id='word_1_142' title='bbox 1087 1372 1254 1427; x_wconf 82' lang='lat' dir='ltr'>seduci,</span> <span class='ocrx_word' id='word_1_143' title='bbox 1290 1373 1365 1435; x_wconf 92' lang='lat' dir='ltr'>qui</span> <span class='ocrx_word' id='word_1_144' title='bbox 1411 1373 1700 1419; x_wconf 86' lang='lat' dir='ltr'>discernentes</span> 
     </span>
     <span class='ocr_line' id='line_1_18' title="bbox 320 1443 1698 1507; baseline -0.001 -17"><span class='ocrx_word' id='word_1_145' title='bbox 320 1445 442 1490; x_wconf 81' lang='lat' dir='ltr'>cibos</span> <span class='ocrx_word' id='word_1_146' title='bbox 461 1443 702 1490; x_wconf 88' lang='lat' dir='ltr'>secundum</span> <span class='ocrx_word' id='word_1_147' title='bbox 725 1444 938 1489; x_wconf 87' lang='lat' dir='ltr'>culturam</span> <span class='ocrx_word' id='word_1_148' title='bbox 966 1444 1248 1503; x_wconf 76' lang='lat' dir='ltr'>Angelorum,</span> <span class='ocrx_word' id='word_1_149' title='bbox 1284 1454 1413 1507; x_wconf 82' lang='lat' dir='ltr'>atque</span> <span class='ocrx_word' id='word_1_150' title='bbox 1440 1444 1499 1489; x_wconf 87' lang='lat' dir='ltr'>ita</span> <span class='ocrx_word' id='word_1_151' title='bbox 1537 1443 1590 1490; x_wconf 81' lang='lat' dir='ltr'>(le</span> <span class='ocrx_word' id='word_1_152' title='bbox 1612 1444 1698 1489; x_wconf 85' lang='lat' dir='ltr'>hoc</span> 
     </span>
     <span class='ocr_line' id='line_1_19' title="bbox 322 1514 1700 1573; baseline -0.001 -13"><span class='ocrx_word' id='word_1_153' title='bbox 322 1515 486 1560; x_wconf 87' lang='lat' dir='ltr'>mundo</span> <span class='ocrx_word' id='word_1_154' title='bbox 500 1515 794 1563; x_wconf 81' lang='lat' dir='ltr'>decernentes,</span> <span class='ocrx_word' id='word_1_155' title='bbox 820 1514 944 1559; x_wconf 87' lang='lat' dir='ltr'>dicut</span> <span class='ocrx_word' id='word_1_156' title='bbox 966 1531 976 1557; x_wconf 69' lang='grc' dir='ltr'>ε</span> <span class='ocrx_word' id='word_1_157' title='bbox 1002 1534 1022 1554; x_wconf 86' lang='lat'>«</span> <span class='ocrx_word' id='word_1_158' title='bbox 1047 1515 1110 1559; x_wconf 82' lang='lat' dir='ltr'>Ne</span> <span class='ocrx_word' id='word_1_159' title='bbox 1137 1514 1374 1573; x_wconf 85' lang='lat' dir='ltr'>tetigeritis,</span> <span class='ocrx_word' id='word_1_160' title='bbox 1397 1531 1448 1558; x_wconf 87' lang='lat' dir='ltr'>ne</span> <span class='ocrx_word' id='word_1_161' title='bbox 1468 1514 1700 1573; x_wconf 83' lang='lat' dir='ltr'>gustaveri-</span> 
     </span>
     <span class='ocr_line' id='line_1_20' title="bbox 323 1582 1700 1641; baseline -0.001 -11"><span class='ocrx_word' id='word_1_162' title='bbox 323 1608 341 1626; x_wconf 64' lang='grc' dir='ltr'>υ</span> <span class='ocrx_word' id='word_1_163' title='bbox 364 1585 431 1641; x_wconf 80' lang='lat' dir='ltr'>tis,</span> <span class='ocrx_word' id='word_1_164' title='bbox 459 1602 509 1630; x_wconf 92' lang='lat' dir='ltr'>ne</span> <span class='ocrx_word' id='word_1_165' title='bbox 527 1584 911 1629; x_wconf 76' lang='lat' dir='ltr'>attaminaveritis2</span> <span class='ocrx_word' id='word_1_166' title='bbox 934 1603 944 1636; x_wconf 92' lang='lat'>;</span> <span class='ocrx_word' id='word_1_167' title='bbox 965 1606 982 1624; x_wconf 86' lang='lat'>»</span> <span class='ocrx_word' id='word_1_168' title='bbox 1002 1601 1101 1629; x_wconf 90' lang='lat' dir='ltr'>cum</span> <span class='ocrx_word' id='word_1_169' title='bbox 1125 1584 1210 1628; x_wconf 88' lang='lat' dir='ltr'>sint</span> <span class='ocrx_word' id='word_1_170' title='bbox 1231 1583 1374 1628; x_wconf 81' lang='lat' dir='ltr'>onmia</span> <span class='ocrx_word' id='word_1_171' title='bbox 1393 1582 1554 1628; x_wconf 84' lang='lat' dir='ltr'>munda</span> <span class='ocrx_word' id='word_1_172' title='bbox 1575 1600 1700 1628; x_wconf 89' lang='lat' dir='ltr'>mun-</span> 
     </span>
     <span class='ocr_line' id='line_1_21' title="bbox 323 1652 1699 1715; baseline 0 -16"><span class='ocrx_word' id='word_1_173' title='bbox 323 1656 406 1710; x_wconf 74' lang='lat' dir='ltr'>dis,</span> <span class='ocrx_word' id='word_1_174' title='bbox 435 1666 476 1700; x_wconf 91' lang='lat' dir='ltr'>et</span> <span class='ocrx_word' id='word_1_175' title='bbox 506 1655 646 1700; x_wconf 87' lang='lat' dir='ltr'>omnis</span> <span class='ocrx_word' id='word_1_176' title='bbox 668 1664 866 1700; x_wconf 85' lang='lat' dir='ltr'>creatura</span> <span class='ocrx_word' id='word_1_177' title='bbox 906 1653 981 1698; x_wconf 62' lang='lat' dir='ltr'>l&#39;fiei</span> <span class='ocrx_word' id='word_1_178' title='bbox 1017 1654 1131 1698; x_wconf 88' lang='lat' dir='ltr'>bona</span> <span class='ocrx_word' id='word_1_179' title='bbox 1153 1653 1205 1698; x_wconf 91' lang='lat' dir='ltr'>sit</span> <span class='ocrx_word' id='word_1_180' title='bbox 1226 1653 1242 1681; x_wconf 78' lang='lat'><strong>3</strong></span> <span class='ocrx_word' id='word_1_181' title='bbox 1263 1671 1271 1697; x_wconf 82' lang='lat' dir='ltr'>z</span> <span class='ocrx_word' id='word_1_182' title='bbox 1293 1652 1411 1715; x_wconf 88' lang='lat' dir='ltr'>quod</span> <span class='ocrx_word' id='word_1_183' title='bbox 1433 1653 1478 1698; x_wconf 92' lang='lat' dir='ltr'>in</span> <span class='ocrx_word' id='word_1_184' title='bbox 1502 1653 1585 1698; x_wconf 86' lang='lat' dir='ltr'>alio</span> <span class='ocrx_word' id='word_1_185' title='bbox 1602 1653 1699 1699; x_wconf 85' lang='lat' dir='ltr'>loco</span> 
     </span>
     <span class='ocr_line' id='line_1_22' title="bbox 323 1723 961 1790; baseline -0.003 -18"><span class='ocrx_word' id='word_1_186' title='bbox 323 1727 414 1790; x_wconf 87' lang='lat' dir='ltr'>ipse</span> <span class='ocrx_word' id='word_1_187' title='bbox 430 1725 652 1770; x_wconf 80' lang='lat' dir='ltr'>evidenter</span> <span class='ocrx_word' id='word_1_188' title='bbox 666 1723 961 1770; x_wconf 76' lang='lat' dir='ltr'>commendat.</span> 
     </span>
    </p>

    <p class='ocr_par' dir='ltr' id='par_1_3' title="bbox 290 1794 1736 2559">
     <span class='ocr_line' id='line_1_23' title="bbox 385 1794 1697 1858; baseline -0.002 -16"><span class='ocrx_word' id='word_1_189' title='bbox 385 1797 542 1842; x_wconf 70' lang='lat' dir='ltr'><strong>XXIV.</strong></span> <span class='ocrx_word' id='word_1_190' title='bbox 576 1796 732 1840; x_wconf 78' lang='lat' dir='ltr'>Totam</span> <span class='ocrx_word' id='word_1_191' title='bbox 778 1813 876 1855; x_wconf 82' lang='lat' dir='ltr'>ergo</span> <span class='ocrx_word' id='word_1_192' title='bbox 912 1795 1046 1858; x_wconf 82' lang='lat' dir='ltr'>ipsius</span> <span class='ocrx_word' id='word_1_193' title='bbox 1079 1795 1301 1841; x_wconf 63' lang='lat' dir='ltr'>sententiae</span> <span class='ocrx_word' id='word_1_194' title='bbox 1327 1794 1697 1855; x_wconf 85' lang='lat' dir='ltr'>circumstantiam</span> 
     </span>
     <span class='ocr_line' id='line_1_24' title="bbox 319 1865 1698 1928; baseline 0 -18"><span class='ocrx_word' id='word_1_195' title='bbox 319 1867 556 1912; x_wconf 65' lang='lat' dir='ltr'>videamus.</span> <span class='ocrx_word' id='word_1_196' title='bbox 578 1866 641 1911; x_wconf 74' lang='lat' dir='ltr'>lta</span> <span class='ocrx_word' id='word_1_197' title='bbox 664 1866 779 1911; x_wconf 88' lang='lat' dir='ltr'>enim</span> <span class='ocrx_word' id='word_1_198' title='bbox 798 1865 993 1927; x_wconf 78' lang='lat' dir='ltr'>Apostoli</span> <span class='ocrx_word' id='word_1_199' title='bbox 1015 1865 1252 1910; x_wconf 86' lang='lat' dir='ltr'>intentione</span> <span class='ocrx_word' id='word_1_200' title='bbox 1264 1876 1511 1928; x_wconf 87' lang='lat' dir='ltr'>perspecta,</span> <span class='ocrx_word' id='word_1_201' title='bbox 1530 1882 1698 1911; x_wconf 88' lang='lat' dir='ltr'>sensum</span> 
     </span>
     <span class='ocr_line' id='line_1_25' title="bbox 290 1935 1699 1999; baseline 0.003 -22"><span class='ocrx_word' id='word_1_202' title='bbox 290 1975 292 1977; x_wconf 76' lang='grc'>,</span> <span class='ocrx_word' id='word_1_203' title='bbox 322 1941 432 1996; x_wconf 82' lang='lat' dir='ltr'>ejus,</span> <span class='ocrx_word' id='word_1_204' title='bbox 451 1945 665 1999; x_wconf 84' lang='lat' dir='ltr'>quantum</span> <span class='ocrx_word' id='word_1_205' title='bbox 684 1935 893 1985; x_wconf 77' lang='lat' dir='ltr'>valemus,</span> <span class='ocrx_word' id='word_1_206' title='bbox 909 1935 1087 1980; x_wconf 82' lang='lat' dir='ltr'>fortasse</span> <span class='ocrx_word' id='word_1_207' title='bbox 1109 1936 1364 1981; x_wconf 87' lang='lat' dir='ltr'>tenebimus.</span> <span class='ocrx_word' id='word_1_208' title='bbox 1391 1936 1565 1993; x_wconf 80' lang='lat' dir='ltr'>Quibus</span> <span class='ocrx_word' id='word_1_209' title='bbox 1585 1937 1699 1981; x_wconf 89' lang='lat' dir='ltr'>enim</span> 
     </span>
     <span class='ocr_line' id='line_1_26' title="bbox 325 2005 1700 2055; baseline 0.001 -4"><span class='ocrx_word' id='word_1_210' title='bbox 325 2007 405 2052; x_wconf 85' lang='lat' dir='ltr'>ista</span> <span class='ocrx_word' id='word_1_211' title='bbox 437 2006 608 2054; x_wconf 78' lang='lat' dir='ltr'>scribit,</span> <span class='ocrx_word' id='word_1_212' title='bbox 640 2006 860 2050; x_wconf 84' lang='lat' dir='ltr'>metuebat</span> <span class='ocrx_word' id='word_1_213' title='bbox 887 2023 956 2050; x_wconf 88' lang='lat' dir='ltr'>eos</span> <span class='ocrx_word' id='word_1_214' title='bbox 995 2005 1142 2051; x_wconf 85' lang='lat' dir='ltr'>seduci</span> <span class='ocrx_word' id='word_1_215' title='bbox 1181 2006 1349 2051; x_wconf 89' lang='lat' dir='ltr'>umbris</span> <span class='ocrx_word' id='word_1_216' title='bbox 1389 2023 1550 2055; x_wconf 84' lang='lat' dir='ltr'>rerum.</span> <span class='ocrx_word' id='word_1_217' title='bbox 1580 2007 1700 2052; x_wconf 87' lang='lat' dir='ltr'>dulci</span> 
     </span>
     <span class='ocr_line' id='line_1_27' title="bbox 327 2075 1700 2139; baseline 0 -18"><span class='ocrx_word' id='word_1_218' title='bbox 327 2077 501 2121; x_wconf 84' lang='lat' dir='ltr'>nomine</span> <span class='ocrx_word' id='word_1_219' title='bbox 537 2075 750 2129; x_wconf 63' lang='lat' dir='ltr'>scientiae,</span> <span class='ocrx_word' id='word_1_220' title='bbox 786 2086 826 2120; x_wconf 86' lang='lat' dir='ltr'>et</span> <span class='ocrx_word' id='word_1_221' title='bbox 852 2077 986 2120; x_wconf 79' lang='lat' dir='ltr'>averti</span> <span class='ocrx_word' id='word_1_222' title='bbox 1027 2094 1049 2120; x_wconf 87' lang='lat' dir='ltr'>a</span> <span class='ocrx_word' id='word_1_223' title='bbox 1085 2075 1182 2121; x_wconf 90' lang='lat' dir='ltr'>luce</span> <span class='ocrx_word' id='word_1_224' title='bbox 1217 2076 1423 2131; x_wconf 78' lang='lat' dir='ltr'>veritatis,</span> <span class='ocrx_word' id='word_1_225' title='bbox 1450 2093 1550 2139; x_wconf 86' lang='lat' dir='ltr'>quae</span> <span class='ocrx_word' id='word_1_226' title='bbox 1575 2088 1634 2122; x_wconf 87' lang='lat' dir='ltr'>est</span> <span class='ocrx_word' id='word_1_227' title='bbox 1658 2077 1700 2121; x_wconf 90' lang='lat' dir='ltr'>in</span> 
     </span>
     <span class='ocr_line' id='line_1_28' title="bbox 328 2146 1700 2192; baseline 0.001 -2"><span class='ocrx_word' id='word_1_228' title='bbox 328 2146 504 2192; x_wconf 75' lang='lat' dir='ltr'>Christo</span> <span class='ocrx_word' id='word_1_229' title='bbox 532 2149 629 2190; x_wconf 87' lang='lat' dir='ltr'>Jesu</span> <span class='ocrx_word' id='word_1_230' title='bbox 672 2146 859 2190; x_wconf 91' lang='lat' dir='ltr'>Domino</span> <span class='ocrx_word' id='word_1_231' title='bbox 888 2156 1049 2192; x_wconf 79' lang='lat' dir='ltr'>nostre.</span> <span class='ocrx_word' id='word_1_232' title='bbox 1089 2146 1213 2191; x_wconf 82' lang='lat' dir='ltr'>Hanc</span> <span class='ocrx_word' id='word_1_233' title='bbox 1244 2157 1386 2191; x_wconf 87' lang='lat' dir='ltr'>autem</span> <span class='ocrx_word' id='word_1_234' title='bbox 1414 2148 1496 2191; x_wconf 88' lang='lat' dir='ltr'>sub</span> <span class='ocrx_word' id='word_1_235' title='bbox 1526 2147 1700 2192; x_wconf 85' lang='lat' dir='ltr'>nominc</span> 
     </span>
     <span class='ocr_line' id='line_1_29' title="bbox 328 2215 1701 2280; baseline -0.001 -19"><span class='ocrx_word' id='word_1_236' title='bbox 328 2216 569 2280; x_wconf 78' lang='lat' dir='ltr'>sapientiae,</span> <span class='ocrx_word' id='word_1_237' title='bbox 597 2215 663 2260; x_wconf 71' lang='lat' dir='ltr'>vel</span> <span class='ocrx_word' id='word_1_238' title='bbox 698 2216 889 2261; x_wconf 62' lang='lat' dir='ltr'>scientiae</span> <span class='ocrx_word' id='word_1_239' title='bbox 920 2233 1070 2261; x_wconf 86' lang='lat' dir='ltr'>curam</span> <span class='ocrx_word' id='word_1_240' title='bbox 1095 2233 1302 2261; x_wconf 69' lang='lat' dir='ltr'>vanarum</span> <span class='ocrx_word' id='word_1_241' title='bbox 1326 2217 1701 2279; x_wconf 70' lang='lat' dir='ltr'>superfluarumve</span> 
     </span>
     <span class='ocr_line' id='line_1_30' title="bbox 324 2285 1700 2349; baseline -0.001 -18"><span class='ocrx_word' id='word_1_242' title='bbox 324 2286 696 2338; x_wconf 77' lang='lat' dir='ltr'>observationum,</span> <span class='ocrx_word' id='word_1_243' title='bbox 721 2297 764 2331; x_wconf 89' lang='lat' dir='ltr'>et</span> <span class='ocrx_word' id='word_1_244' title='bbox 787 2285 839 2330; x_wconf 88' lang='lat' dir='ltr'>de</span> <span class='ocrx_word' id='word_1_245' title='bbox 864 2285 1169 2349; x_wconf 86' lang='lat' dir='ltr'>superstitione</span> <span class='ocrx_word' id='word_1_246' title='bbox 1194 2286 1463 2345; x_wconf 86' lang='lat' dir='ltr'>gentilitatis,</span> <span class='ocrx_word' id='word_1_247' title='bbox 1491 2287 1700 2331; x_wconf 73' lang='lat' dir='ltr'>maxime-</span> 
     </span>
     <span class='ocr_line' id='line_1_31' title="bbox 319 2355 1736 2419; baseline 0 -17"><span class='ocrx_word' id='word_1_248' title='bbox 319 2374 404 2419; x_wconf 84' lang='lat' dir='ltr'>que</span> <span class='ocrx_word' id='word_1_249' title='bbox 427 2357 483 2402; x_wconf 79' lang='lat' dir='ltr'>ab</span> <span class='ocrx_word' id='word_1_250' title='bbox 503 2356 649 2419; x_wconf 76' lang='lat' dir='ltr'>eisqui</span> <span class='ocrx_word' id='word_1_251' title='bbox 674 2355 930 2419; x_wconf 78' lang='lat' dir='ltr'>Philosophi</span> <span class='ocrx_word' id='word_1_252' title='bbox 956 2367 1057 2401; x_wconf 90' lang='lat' dir='ltr'>sunt</span> <span class='ocrx_word' id='word_1_253' title='bbox 1081 2357 1341 2419; x_wconf 82' lang='lat' dir='ltr'>nuncupati,</span> <span class='ocrx_word' id='word_1_254' title='bbox 1365 2368 1450 2402; x_wconf 84' lang='lat' dir='ltr'>eta</span> <span class='ocrx_word' id='word_1_255' title='bbox 1472 2357 1699 2402; x_wconf 75' lang='lat' dir='ltr'>Judaismo</span> <span class='ocrx_word' id='word_1_256' title='bbox 1723 2358 1736 2365; x_wconf 71' lang='grc'><strong>”</strong></span> 
     </span>
     <span class='ocr_line' id='line_1_32' title="bbox 317 2426 1698 2482; baseline 0.001 -10"><span class='ocrx_word' id='word_1_257' title='bbox 317 2426 556 2472; x_wconf 77' lang='lat' dir='ltr'>cavendam</span> <span class='ocrx_word' id='word_1_258' title='bbox 584 2443 668 2472; x_wconf 82' lang='lat' dir='ltr'>esse</span> <span class='ocrx_word' id='word_1_259' title='bbox 691 2427 913 2482; x_wconf 84' lang='lat' dir='ltr'>cernebat,</span> <span class='ocrx_word' id='word_1_260' title='bbox 961 2427 1038 2472; x_wconf 87' lang='lat' dir='ltr'>uhi</span> <span class='ocrx_word' id='word_1_261' title='bbox 1083 2438 1206 2472; x_wconf 84' lang='lat' dir='ltr'>erant</span> <span class='ocrx_word' id='word_1_262' title='bbox 1244 2427 1416 2473; x_wconf 79' lang='lat' dir='ltr'>umbree</span> <span class='ocrx_word' id='word_1_263' title='bbox 1446 2427 1698 2473; x_wconf 90' lang='lat' dir='ltr'>futurorum</span> 
     </span>
     <span class='ocr_line' id='line_1_33' title="bbox 319 2496 1699 2559; baseline 0 -17"><span class='ocrx_word' id='word_1_264' title='bbox 319 2496 613 2551; x_wconf 63' lang='lat' dir='ltr'>removendae,</span> <span class='ocrx_word' id='word_1_265' title='bbox 632 2497 839 2559; x_wconf 85' lang='lat' dir='ltr'>quoniam</span> <span class='ocrx_word' id='word_1_266' title='bbox 864 2496 1010 2543; x_wconf 92' lang='lat' dir='ltr'>lumen</span> <span class='ocrx_word' id='word_1_267' title='bbox 1026 2513 1172 2542; x_wconf 88' lang='lat' dir='ltr'>earum</span> <span class='ocrx_word' id='word_1_268' title='bbox 1189 2500 1280 2557; x_wconf 83' lang='lat' dir='ltr'>jam</span> <span class='ocrx_word' id='word_1_269' title='bbox 1301 2498 1501 2543; x_wconf 91' lang='lat' dir='ltr'>Christus</span> <span class='ocrx_word' id='word_1_270' title='bbox 1519 2497 1699 2543; x_wconf 86' lang='lat' dir='ltr'>advene—</span> 
     </span>
    </p>
   </div>
   <div class='ocr_carea' id='block_1_3' title="bbox 373 2577 1505 2618">
    <p class='ocr_par' dir='ltr' id='par_1_4' title="bbox 373 2577 1505 2618">
     <span class='ocr_line' id='line_1_34' title="bbox 373 2577 1505 2618; baseline 0.001 -7"><span class='ocrx_word' id='word_1_271' title='bbox 373 2581 497 2614; x_wconf 70' lang='lat' dir='ltr'>¹l&#39;=ou1.</span> <span class='ocrx_word' id='word_1_272' title='bbox 520 2590 562 2618; x_wconf 57' lang='lat' dir='ltr'>kx,</span> <span class='ocrx_word' id='word_1_273' title='bbox 580 2592 632 2612; x_wconf 77' lang='lat'>21.</span> <span class='ocrx_word' id='word_1_274' title='bbox 654 2598 695 2603; x_wconf 93' lang='lat'><strong>—</strong></span> <span class='ocrx_word' id='word_1_275' title='bbox 710 2578 784 2613; x_wconf 72' lang='lat' dir='ltr'>21d.</span> <span class='ocrx_word' id='word_1_276' title='bbox 804 2590 866 2618; x_wconf 64' lang='lat' dir='ltr'>xiv,</span> <span class='ocrx_word' id='word_1_277' title='bbox 885 2592 935 2612; x_wconf 87' lang='lat'>20.</span> <span class='ocrx_word' id='word_1_278' title='bbox 952 2599 995 2604; x_wconf 98' lang='lat'><strong>—</strong></span> <span class='ocrx_word' id='word_1_279' title='bbox 1017 2577 1103 2611; x_wconf 79' lang='lat' dir='ltr'>³Tit.</span> <span class='ocrx_word' id='word_1_280' title='bbox 1123 2592 1149 2615; x_wconf 84' lang='lat'>1,</span> <span class='ocrx_word' id='word_1_281' title='bbox 1170 2581 1289 2615; x_wconf 70' lang='lat' dir='ltr'>15,e11</span> <span class='ocrx_word' id='word_1_282' title='bbox 1315 2581 1395 2612; x_wconf 81' lang='lat' dir='ltr'>Tim.</span> <span class='ocrx_word' id='word_1_283' title='bbox 1417 2591 1459 2616; x_wconf 82' lang='lat' dir='ltr'>iv,</span> <span class='ocrx_word' id='word_1_284' title='bbox 1476 2588 1505 2617; x_wconf 76' lang='grc'>4.</span> 
     </span>
    </p>
   </div>
  </div>
 </body>
</html>
