1799 3251
350 288 443 344 444
771 300 807 330 s.
849 297 1093 329 Auensrmr
1129 297 1334 329 Erlscom

349 377 430 413 »et
451 381 644 414 crescens
666 365 711 412 in
736 363 935 410 universo
949 361 1113 408 mundo
1140 361 1177 418 1,
1204 384 1225 404 »
1241 379 1320 426 per
1341 363 1605 428 Apostolum
1630 364 1720 411 Do-

350 438 495 484 minus
517 436 650 494 dixit3
681 457 702 477 «
721 434 850 480 Eritis
873 432 983 479 mihi
1011 443 1134 479 testes
1155 433 1199 478 in
1223 433 1477 490 Jerusalem,
1500 444 1541 480 et
1563 434 1606 479 in
1630 444 1720 480 tota

347 529 369 553 »
394 507 568 564 Judaea,
590 518 632 554 et
654 506 697 552 in
711 504 924 559 Samaria,
940 514 981 549 et
997 520 1129 566 usque
1150 503 1195 549 in
1216 504 1320 550 fines
1340 504 1513 559 terrae²‚
1544 525 1564 547 »
1583 504 1720 550 Filius

348 579 429 625 Dei
458 596 530 624 ore
564 594 640 623 suo
677 576 797 623 dixit.
843 574 1101 620 Caecilianus
1129 573 1331 620 Ecclesiae
1368 575 1722 635 Carthaginensis

344 648 574 712 episcopus
591 646 794 693 humanis
809 645 962 691 litibus
985 655 1212 690 accusatur
1233 661 1245 690 τ
1278 645 1471 691 Ecclesia
1490 645 1656 690 Christi
1674 644 1721 691 in

347 719 550 764 omnibus
572 718 771 778 gentibus
808 715 1063 771 constituta,
1091 714 1249 760 divinis
1277 715 1458 760 vocibus
1493 731 1721 760 commen-

347 788 491 836 datur.
524 790 624 853 Ipsa
654 788 807 852 pietas,
835 786 1004 841 veritas,
1036 785 1254 839 charitas,
1277 802 1354 831 nos
1393 802 1480 830 non
1509 785 1723 848 permittit

349 870 503 906 contra
529 859 814 905 Caeciliannm
846 873 995 902 eorum
1029 855 1258 901 hominum
1295 855 1489 918 accipere
1523 855 1722 900 testimo-

349 931 491 987 nium,
518 947 627 994 quos
653 930 697 976 in
723 928 915 974 Ecclesia
931 944 1016 972 non
1041 925 1237 972 videmus
1272 925 1343 971 cui
1369 927 1485 970 Deus
1514 924 1720 988 perhibet

348 1001 659 1047 testimonium.
676 999 764 1056 Qui
783 998 895 1043 enirn
914 997 1059 1042 divina
1085 996 1327 1042 testimonia
1349 1013 1438 1042 non
1461 1005 1719 1059 sequuntur,

350 1071 525 1135 pondus
542 1070 726 1117 humani
749 1068 980 1114 testimonii
997 1067 1295 1130 perdiderunt.

412 1141 490 1187 VI.
510 1141 637 1188 Addo
652 1139 770 1204 quod
797 1138 1019 1185 Caeeilianl
1037 1155 1227 1193 causam,
1257 1137 1340 1201 ipsi
1361 1137 1416 1184 ad
1442 1137 1723 1201 Imperatoris

345 1211 620 1258 Constantini
649 1209 868 1270 judicium
895 1207 1140 1254 accusando
1164 1208 1393 1261 miserunt;
1419 1208 1506 1253 imo
1528 1224 1625 1253 vcro
1646 1208 1722 1270 ip-

344 1299 439 1328 sum
455 1281 739 1327 Caecilianum
762 1277 1305 1343 postepiscopaliajudicia
1319 1278 1354 1333 ὅ,
1372 1278 1446 1323 ubi
1464 1277 1723 1341 cumoppri-

342 1368 457 1398 mere
479 1368 568 1397 non
594 1360 846 1414 potuerunt,
877 1348 931 1395 ad
951 1348 1191 1410 supradicti
1210 1348 1488 1411 Imperatoris
1510 1365 1684 1393 examen
1706 1383 1720 1404 ‚

341 1422 695 1486 pertinacissimis
715 1420 1091 1484 persecutionibus
1112 1418 1420 1482 perduxerunt.
1458 1418 1510 1464 Et
1531 1418 1648 1479 quod
1677 1417 1723 1463 in

343 1493 472 1539 nobis
508 1492 638 1537 modo
661 1490 1010 1554 reprehendunt,
1035 1501 1082 1535 ut
1113 1489 1334 1551 decipiant
1359 1489 1582 1552 imperitos
1599 1525 1608 1540 ,
1650 1487 1723 1533 di-

349 1573 506 1616 centes
536 1579 623 1607 non
660 1561 815 1607 debere
849 1561 1121 1606 Christianos
1142 1571 1293 1605 contra
1318 1560 1518 1605 inimicos
1555 1558 1723 1603 Christi

345 1632 511 1696 aliquid
531 1650 552 1678 a
578 1632 838 1677 Christianis
863 1631 1206 1694 Imperatoribus
1225 1629 1464 1693 postulare,
1488 1629 1570 1692 ipsi
1596 1629 1723 1692 prio-

343 1721 408 1750 res
431 1703 636 1749 fecerunt.
662 1701 792 1758 Quod
820 1702 947 1747 etiam
968 1702 1009 1746 in
1032 1700 1279 1753 ςοΙΙΜιῑίοιιο
1299 1717 1428 1777 quam
1457 1698 1584 1744 simul
1601 1695 1723 1761 apud

346 1773 658 1833 Carthaginem
693 1772 945 1826 habuimus,
974 1788 1129 1831 negare
1154 1788 1241 1816 non
1265 1787 1339 1815 aus
1344 1771 1355 1815 i
1395 1781 1525 1823 sunt;
1568 1770 1656 1814 imo
1680 1779 1722 1814 et

345 1810 538 1904 gloriari*
538 1843 629 1888 ausi
666 1854 790 1896 sunt;
818 1842 938 1905 quod
969 1841 1085 1904 apud
1109 1843 1418 1905 Imperatorem
1441 1843 1621 1900 majores
1644 1856 1720 1884 eo-

345 1932 443 1960 rum
476 1914 758 1959 criminaliter
799 1913 1083 1959 Caecilianum
1101 1912 1277 1957 fuerunt
1312 1912 1519 1964 insecuti;
1545 1911 1722 1973 insuper

344 1986 549 2032 addentes
570 1985 863 2040 mendacium,
888 1984 1005 2047 quod
1025 2001 1120 2029 eum
1146 1983 1237 2028 illic
1255 1983 1438 2028 vicerint
1455 1982 1721 2043 fecerintque

341 2056 554 2103 damnari.
582 2055 815 2111 Quomodo
853 2072 951 2113 ergo
974 2054 1055 2116 ipsi
1076 2070 1162 2098 non
1188 2064 1288 2098 sunt
1306 2063 1615 2116 pe1*secutore5‚
1640 2051 1721 2114 qui

345 2144 445 2174 cum
468 2126 711 2172 accusando
740 2125 953 2188 persecuti
976 2126 1058 2170 sint
1079 2124 1382 2179 Caecilianum,
1413 2134 1454 2169 et
1477 2123 1532 2168 ab
1559 2139 1609 2167 eo
1627 2121 1719 2167 fue-

343 2200 431 2243 rint
449 2197 654 2260 superati‚
680 2196 829 2242 falsam
849 2196 930 2240 sibi
946 2195 1126 2255 gloriam
1149 2194 1526 2257 impudentissimo
1541 2191 1719 2238 menda-

346 2268 414 2314 cio
435 2284 631 2326 arrogare
652 2267 900 2320 voluerunt,
919 2283 1004 2310 non
1032 2265 1169 2310 solum
1192 2265 1366 2328 culpam
1387 2282 1473 2310 non
1497 2273 1715 2327 putanteS,

347 2340 626 2386 verumetiam
651 2356 730 2401 pro
756 2356 828 2383 sua
858 2337 984 2382 laude
1008 2340 1235 2396 jactantes,
1255 2337 1285 2381 si
1312 2337 1550 2399 probarent
1574 2335 1718 2380 Caeci-

349 2409 515 2455 lianum
558 2409 796 2468 majoribus
838 2410 923 2453 suis
948 2407 1249 2453 accusantibus
1280 2406 1407 2452 fuisse
1430 2406 1717 2452 damnatum?

350 2478 733 2536 Quemadmodum
754 2489 895 2524 autem
915 2479 960 2524 in
982 2478 1076 2541 ipsa
1099 2477 1330 2522 collatione
1348 2477 1487 2523 modis
1512 2475 1718 2522 omnibus

394 2586 404 2608 ¹
425 2585 543 2618 Coloss.
565 2597 594 2624 1,
610 2587 643 2618 6.
664 2604 705 2611 -
720 2584 736 2607 2
749 2588 819 2619 Act.
846 2596 876 2629 ι,
896 2586 925 2618 8.
943 2602 988 2609 -
1005 2582 1018 2608 3
1033 2587 1210 2616 Romanam
1224 2590 1256 2616 et
1273 2582 1465 2615 Arelatem.
