1799 3251
555 311 766 342 ErisTOLA
803 312 1008 342 chxxlv.
1377 300 1470 361 [439

105 375 257 421 fratres
292 374 545 423 charissimi.
587 378 704 423 Data
741 393 803 424 VI.
843 376 1059 423 Kalendas
1098 377 1353 424 Februarias
1375 389 1475 442 post

105 444 377 491 consulatum
402 444 696 505 gloriosissimi
721 446 956 493 Theodosii
982 447 1161 508 Augusti
1183 464 1262 495 vn.
1291 459 1333 494 et
1355 448 1476 496 Junii

106 516 263 573 Quarti
284 515 470 565 Palladii
484 522 581 574 VJ:
595 519 629 567 1.

103 672 159 683 m
165 673 288 685 mm
294 674 350 687 w
358 674 416 687 m
425 674 916 687 mMMMCwQN-mm
923 674 1230 687 mmmmm
1249 675 1475 688 “mmm

422 747 425 750 ⁴
488 771 752 816 EPISTOLA
784 770 1039 816 CLXXXIV
1053 771 1083 813 ².

316 890 574 930 Innocentius
589 891 763 930 Ammo
779 898 818 929 et
836 889 1054 928 Aucus-rum
1071 888 1272 940 episcopis.

166 1040 187 1061 «
206 1019 514 1066 Accnrrrssnss
554 1020 666 1065 mihi
692 1019 900 1066 Germani
927 1017 1269 1082 compresbyteri
1293 1016 1367 1063 illo
1400 1033 1474 1062 re-

101 1106 253 1136 cursus
271 1106 433 1135 vacuus
462 1090 605 1136 officio
630 1099 776 1135 nostro
800 1106 887 1135 esse
911 1106 998 1134 non
1018 1088 1187 1133 debuit.
1210 1089 1294 1133 Per
1318 1085 1475 1132 cbaros

101 1161 216 1206 enim
237 1160 422 1206 salutare
443 1161 735 1216 charissimos,
759 1160 957 1206 naturale
980 1158 1171 1223 quodam
1192 1157 1322 1203 modo
1346 1157 1473 1203 nobis

98 1230 272 1276 videtur
287 1241 329 1276 et
351 1247 629 1293 consequens.
662 1230 863 1276 Gaudere
886 1247 984 1290 ergo
1011 1231 1055 1275 in
1072 1229 1260 1274 Domino
1284 1238 1471 1273 vestram

98 1299 428 1361 germanitatem
458 1301 742 1346 amantissimi
779 1301 1000 1364 cupinmS,
1025 1310 1066 1345 et
1089 1316 1171 1362 pro
1201 1298 1328 1344 nobis
1348 1297 1473 1361 paria

98 1370 154 1416 ad
180 1371 321 1416 Deum
342 1381 440 1417 Vota
460 1371 968 1435 rependerefprecamum
994 1369 1097 1432 quia
1117 1379 1165 1414 ut
1187 1369 1296 1414 bene
1321 1368 1468 1425 nostis,

98 1439 408 1485 communibus
448 1451 489 1486 et
518 1441 691 1486 alternis
715 1440 813 1503 plus
848 1440 1012 1500 agimus
1043 1438 1313 1485 orationibus
1336 1453 1468 1500 quam

97 1509 394 1570 singularibus
411 1521 484 1556 aut
501 1510 698 1574 privatis.
731 1531 752 1551 >2

145 1617 156 1639 ¹
173 1617 249 1649 Bad.
265 1619 337 1648 Am.
357 1619 411 1651 Er.
428 1624 460 1649 et
476 1621 551 1648 Lov.
565 1622 720 1648 annotant
735 1628 767 1650 v.
787 1617 864 1650 Kal.
888 1614 978 1646 Febr.
996 1618 1040 1646 At
1055 1615 1123 1649 MS.
1142 1618 1316 1647 Vaticanus
1335 1621 1367 1647 et
1386 1616 1472 1647 Con-

96 1671 196 1703 cilior.
223 1671 271 1702 ed.
300 1683 342 1703 vr.
368 1673 445 1705 Kal.
477 1673 568 1705 Febr.
586 1671 805 1715 praetermissis
822 1671 1004 1702 consulibus
1018 1698 1027 1713 ‚
1047 1671 1101 1713 qui
1117 1671 1321 1713 designantur
1336 1670 1369 1702 in
1387 1672 1469 1703 Cor*

96 1727 216 1759 beiensi
242 1727 352 1759 codice
368 1753 376 1769 ‚
404 1738 469 1759 non
488 1727 617 1769 quidem
646 1727 691 1758 uti
710 1738 748 1758 ex
774 1726 942 1757 sirmondo
968 1726 1065 1758 refert
1090 1727 1185 1759 Noris
1203 1728 1235 1758 in
1255 1726 1332 1758 hist.
1360 1727 1466 1769 Pelag.

94 1783 154 1814 lib.
178 1794 191 1814 1
209 1806 218 1821 ‚
235 1794 266 1814 c.
297 1794 334 1814 11
366 1782 502 1820 scilicet,
532 1785 619 1813 Data
634 1782 741 1823 pridie
761 1782 839 1813 Kal.
867 1782 956 1812 Febr.
978 1790 1054 1823 pose
1082 1783 1280 1813 consulatum
1306 1783 1472 1824 gloriosis·

96 1837 170 1868 simi
192 1843 252 1869 etc.
271 1837 327 1868 sed
348 1838 391 1869 sic
411 1848 419 1869 :
442 1840 531 1868 Data
546 1838 652 1879 pridie
668 1838 746 1869 Kal,
773 1838 863 1868 Febr.
886 1837 1112 1878 gloriosissimi
1141 1837 1311 1868 Theodosii
1331 1838 1478 1880 Augusti

95 1892 152 1933 qm*
167 1900 199 1923 et
214 1893 307 1923 Junii
322 1892 437 1934 Quarti
454 1893 602 1923 Palladii
624 1895 664 1924 V.
677 1893 711 1925 C.
733 1893 842 1926 Conss.
865 1892 920 1923 ubi
941 1892 1003 1923 duo
1023 1903 1165 1935 peccasse
1182 1892 1308 1924 videtur
1325 1902 1469 1935 exscrip-

94 1953 155 1985 tor,
180 1948 319 1991 primum
335 1948 421 1991 quod
439 1954 529 1980 notas
548 1947 585 1980 P.
605 1950 641 1981 C.
663 1959 733 1991 quae
749 1957 822 1990 post
841 1949 1041 1978 consulatum
1060 1948 1294 1990 significabant,
1312 1949 1381 1980 loco
1401 1959 1469 1980 mo-

93 2014 171 2035 vens
197 2004 424 2048 interpretatus
449 2011 515 2042 est,
539 2004 644 2045 pridie
670 2005 747 2036 Kal.
773 2004 908 2036 alterum
937 2005 1011 2046 quia
1043 2015 1083 2034 ex
1112 2007 1215 2043 notis,
1237 2016 1293 2035 vu.
1312 2005 1384 2036 fecit
1399 2005 1468 2046 qui.

93 2076 138 2083 —
156 2057 172 2080 ²
193 2060 278 2094 Alias
293 2071 392 2091 xcvii.
416 2071 486 2103 quae
502 2066 608 2091 autem
626 2061 688 2096 184
704 2066 790 2098 erat,
804 2070 889 2091 nunc
907 2059 941 2091 in
969 2059 1153 2102 Appendice
1173 2065 1219 2091 est
1246 2071 1287 2091 111
1316 2058 1472 2092 henedic-

93 2112 246 2149 tinorum.
259 2132 306 2138 —
322 2115 445 2159 Scripta
460 2116 541 2148 circa
557 2125 676 2147 annum
694 2120 774 2155 4¹7·
