1799 3251
305 329 307 332 .
372 284 460 342 146
790 301 822 327 s.
867 298 1109 328 Aoousrlm
1145 297 1348 327 EPISCOPI

368 365 515 426 gloriae
556 363 697 417 suae13
728 373 770 408 et
792 362 910 425 quod
927 364 1040 408 Deus
1062 362 1163 408 fecit
1186 361 1405 407 hominem
1427 361 1478 407 ad
1505 361 1733 421 imaginem

369 447 412 483 et
436 435 762 483 similitudinem
799 434 947 479 suani2
972 451 982 479 ε
1018 444 1057 478 et
1074 433 1193 497 quod
1217 433 1372 496 spiritu
1403 434 1558 478 mentis
1578 445 1735 481 nostrae

369 524 627 554 renovamur
652 506 697 551 in
722 505 977 564 agnitionem
996 505 1076 550 Dei
1092 541 1102 559 ,
1125 503 1362 549 secuudum
1382 503 1610 563 imaginem
1624 507 1732 563 eius,

371 579 447 642 qui
475 578 636 623 creavit
665 593 740 621 nos
758 575 791 622 ³.
819 576 867 619 ln
890 575 958 620 his
986 585 1110 638 atque
1133 572 1386 632 hujusmodi
1410 573 1735 636 Scripturarum

370 659 616 693 sanctarum
634 645 962 692 auctoritatibus
980 662 1056 707 per
1071 644 1201 690 sidem
1226 643 1495 688 ambulantes
1508 680 1519 699 ‚
1539 645 1615 707 qui
1632 644 1736 691 dato

370 719 437 766 vel
456 718 663 764 divinitus
691 716 839 776 adjuto
859 716 1080 762 intellectu
1107 714 1356 778 spiritaliter
1369 713 1645 777 profecerunt
1662 752 1674 771 ,
1695 726 1736 761 et

371 787 581 852 spiritalia
628 786 895 849 spiritalibus
936 802 1188 848 comparare
1231 795 1490 847 potuerunt,
1535 785 1738 831 viderunt

370 858 519 904 melius
547 858 683 904 videri
720 868 859 902 mente
891 874 1023 920 quam
1058 873 1270 919 corpore3
1296 866 1338 900 et
1370 872 1417 900 ea
1438 854 1574 901 videri
1597 866 1738 902 mente

367 945 467 992 quze
484 946 568 974 non
588 928 914 973 continerentur
937 927 1043 972 locis
1062 964 1072 982 ‚
1102 943 1180 971 nec
1198 926 1310 971 inter
1328 943 1368 971 se
1382 925 1577 972 locorum
1601 928 1738 973 inter-

368 1000 492 1048 vallis
514 1008 833 1063 separarentur,
855 1015 932 1044 nec
963 998 1130 1043 minora
1153 1006 1289 1043 essent
1312 997 1355 1042 in
1386 1008 1510 1061 parte
1527 1014 1660 1061 quam
1693 998 1737 1044 in

368 1081 475 1116 tolo.

437 1140 617 1186 XLVII.
662 1140 776 1184 Hinc
811 1149 873 1183 cst
908 1137 1026 1200 quod
1060 1137 1320 1183 fiducialiter
1346 1136 1417 1182 ille
1455 1137 1584 1195 dicit,
1619 1138 1739 1201 quod

375 1212 482 1273 [nec
506 1209 550 1255 in
581 1209 677 1254 loco
710 1209 822 1253 Deus
841 1208 1032 1263 videtur,
1063 1207 1135 1252 sed
1152 1206 1328 1252 inundo
1348 1207 1479 1252 corde
1502 1224 1513 1252 ς
1541 1220 1620 1253 nec
1644 1224 1739 1254 cor·

367 1280 591 1345 poralibus
616 1277 752 1323 oculis
773 1278 1002 1341 quaeritur,
1021 1294 1098 1322 nec
1118 1277 1497 1323 circumscribitur
1517 1278 1608 1325 visu
1625 1316 1636 1332 ‚
1659 1295 1738 1326 nec

371 1361 490 1396 tactu
516 1359 699 1400 tenetur,
724 1366 803 1394 nec
829 1348 1005 1393 auditur
1031 1348 1184 1401 affatu,
1214 1365 1291 1393 nec
1315 1349 1497 1394 sentitur
1518 1349 1733 1414 incessu.]

369 1420 494 1466 Unde
507 1421 609 1484 quia
628 1429 669 1464 et
692 1418 919 1467 invisibilis
942 1418 987 1464 in
1013 1417 1249 1481 Scripturis
1266 1419 1423 1464 sanctis
1436 1423 1525 1479 ejus
1547 1421 1742 1467 substan*

370 1491 428 1538 tia
454 1489 804 1544 commendatur,
831 1499 871 1534 et
902 1488 1016 1533 visus
1040 1505 1126 1533 esse
1146 1507 1167 1534 a
1191 1487 1392 1551 plurimis
1419 1507 1498 1552 per
1519 1506 1679 1555 corpus
1701 1501 1743 1537 et

370 1560 673 1624 corporalibus
696 1559 802 1604 locis
824 1559 866 1604 in
883 1558 1042 1603 eisdem
1062 1558 1396 1604 auctoritatibus
1414 1560 1649 1618 invenitur,
1668 1571 1743 1607 aut

370 1632 528 1695 spiritu
545 1668 555 1686 ‚
582 1647 671 1693 quo
693 1629 939 1692 corporales
958 1629 1439 1689 cernuriturimagineS‚
1463 1647 1542 1693 per
1556 1631 1743 1695 aliquam

364 1701 464 1748 licet
491 1701 811 1763 incorpoream,
838 1710 980 1744 tamen
1011 1699 1339 1744 similitudinem
1378 1701 1601 1763 corporis,
1631 1702 1743 1748 sicut

367 1773 413 1819 in
432 1771 590 1818 somnis
614 1770 680 1816 vel
701 1771 745 1815 in
773 1770 898 1815 extasi
919 1790 929 1822 ;
962 1770 1141 1816 secrevit
1159 1770 1230 1815 ille
1250 1770 1317 1816 vir
1352 1782 1527 1817 sanctus
1554 1771 1633 1818 Dei
1657 1788 1740 1819 na·-

372 1853 514 1888 turam
551 1842 605 1887 ab
643 1840 898 1899 hujusmodi
923 1840 1162 1885 visionibus
1180 1877 1191 1895 ‚
1215 1857 1370 1904 easque
1400 1841 1507 1887 dixit
1527 1858 1613 1888 esse
1635 1857 1743 1907 quas

372 1913 452 1959 Dei
476 1912 673 1958 voluntas
695 1910 913 1969 elegisset,
942 1928 1027 1956 non
1049 1928 1154 1972 quas
1174 1922 1328 1956 natura
1346 1911 1584 1959 formasset.
1624 1913 1742 1960 Facit

371 1983 487 2030 enim
514 1984 627 2028 Deus
646 1982 745 2027 istas
762 1982 924 2044 quibus
943 1991 990 2026 ut
1013 1981 1132 2037 vult,
1167 1981 1236 2027 cui
1261 1981 1355 2028 vult
1377 2018 1387 2038 ,
1416 1983 1593 2045 quando
1617 1984 1712 2030 vult
1729 2021 1740 2042 ‚

374 2064 608 2117 appareat,
632 2070 708 2097 sua
739 2051 898 2096 latente
923 2063 1049 2114 atque
1075 2051 1120 2096 in
1144 2068 1185 2097 se
1207 2052 1625 2100 incommutabiliter
1647 2070 1745 2100 ma-

376 2134 503 2170 nente
520 2122 776 2168 substantia.
804 2122 849 2166 Si
865 2122 978 2167 enim
998 2122 1199 2168 voluntas
1216 2133 1360 2168 nostra
1378 2124 1496 2187 apud
1512 2142 1553 2170 se
1570 2139 1746 2171 manens

379 2206 422 2241 et
445 2194 581 2239 latens
600 2195 688 2239 sine
712 2193 798 2238 ulla
813 2193 881 2238 sui
905 2194 1245 2260 commutatione
1262 2231 1272 2249 ‚
1290 2212 1369 2257 per
1383 2212 1488 2257 quas
1511 2212 1553 2241 se
1577 2207 1746 2243 utcum-

379 2281 464 2328 que
483 2263 703 2319 ostendat‚
733 2263 932 2326 exprimit
949 2280 1102 2316 voces:
1127 2275 1291 2327 quanto
1314 2264 1484 2311 facilius
1509 2267 1623 2313 Deus
1646 2284 1744 2314 om-

380 2335 604 2398 nipotens,
630 2352 706 2380 sua
740 2334 900 2379 latente
934 2345 1062 2397 atque
1097 2335 1513 2381 incommutabiliter
1546 2346 1746 2384 manente

378 2415 555 2460 natura,
580 2404 624 2450 in
643 2421 729 2466 qua
746 2403 931 2449 voluerit
954 2404 1095 2466 specie
1112 2442 1122 2461 ‚
1145 2415 1315 2468 potest,
1340 2406 1409 2451 cui
1434 2405 1640 2463 voluerit,
1661 2422 1741 2471 ap·-

377 2491 550 2539 parere,
573 2475 649 2537 qui
670 2491 715 2519 ex
738 2474 878 2522 nihilo
902 2475 1064 2522 creavit
1083 2475 1229 2522 onmia
1249 2513 1260 2531 ‚
1291 2486 1419 2539 atque
1443 2477 1488 2525 in
1511 2494 1553 2524 se
1571 2494 1744 2524 manens

379 2545 562 2595 innovat
579 2544 750 2590 omnia?

423 2628 436 2652 ²
458 2638 471 2658 ι
489 2629 563 2659 Cor.
577 2638 630 2666 xv,
643 2633 699 2671 44,
715 2632 747 2659 et
762 2627 881 2672 Philip.
896 2638 948 2671 m,
971 2638 1025 2661 αι.
1039 2644 1085 2654 ===
1099 2626 1115 2653 2
1127 2630 1209 2665 Gen.
1229 2639 1256 2669 ι,
1275 2641 1331 2671 27,
1349 2647 1394 2655 -=-
1412 2628 1427 2654 3
1443 2629 1558 2675 Ερὶιεε.
1579 2641 1623 2673 iv,
1645 2633 1699 2672 23,
1714 2636 1745 2664 et

376 2682 496 2718 coloss.
513 2692 564 2722 m,
581 2693 633 2717 ιο.
