1799 3251
523 285 736 317 EP1sr0LA
773 285 980 316 cmxxxvi.
1337 274 1428 335 497

54 350 137 395 sibi
154 349 360 396 collatum
384 361 491 396 esset
530 350 827 403 addiscerent;
864 361 912 396 ut
936 367 1063 396 omne
1090 352 1357 408 obstruatur,
1391 363 1435 398 et

54 421 128 484 qui
146 421 354 481 gloriatur
373 421 418 465 in
447 421 638 466 Domino
662 420 883 479 glorietur.

118 491 303 537 XXVII.
338 490 549 553 Quisquis
565 490 689 536 aliter
712 489 857 547 docet,
881 502 923 536 et
945 508 1035 536 non
1058 492 1295 554 acquiescit
1320 491 1432 537 sanis

53 560 325 605 sermonibus
344 560 523 605 Domini
545 560 681 605 nostri
697 563 797 604 Jesu
812 560 995 615 Christi,
1019 562 1095 624 qui
1118 561 1225 607 dixit
1244 579 1254 606 z
1275 562 1435 608 «Venit

54 651 75 671 >³
100 630 213 676 filius
234 630 425 676 hominis
446 647 640 693 quaerere
659 640 700 675 et
722 630 884 676 salvare
902 631 1021 693 quod
1039 632 1222 694 perierat
1239 632 1284 685 1;
1305 653 1325 673 »
1343 649 1432 678 non

53 700 168 746 enim
206 701 265 746 ait
286 701 405 763 quod
419 700 662 763 periturum
679 698 846 753 fuerat3
880 699 953 745 sed
970 719 987 738 ιι
1009 700 1141 756 Quod
1164 701 1350 764 perierat
1380 723 1418 756 ς»

52 770 162 833 quid
189 770 418 816 ostendens
440 771 523 816 nisi
541 782 724 833 peccato
746 770 880 833 primi
913 770 1104 815 hominis
1138 771 1324 817 universi
1340 789 1417 831 ge-

53 841 165 886 neris
187 841 370 886 humani
389 842 547 904 perisse
562 850 765 886 naturam
791 858 802 884 z
832 840 921 896 Qui
944 857 1044 899 ergo
1078 840 1201 885 aliter
1224 841 1368 897 docet,
1391 852 1432 887 et

52 927 143 955 non
163 911 438 974 acquiescens
458 911 513 967 ei,
530 926 631 973 quae
647 910 885 955 secundum
905 910 1108 973 pietatem
1128 921 1188 956 est
1201 911 1431 967 doctrinae,

53 991 207 1026 contra
242 981 422 1040 gratiam
448 980 682 1026 Salvatoris
703 981 720 1009 2
734 1017 745 1035 ‚
780 991 821 1026 et
856 991 1009 1026 contra
1048 981 1298 1041 sanguinem
1343 983 1434 1028 Re-

52 1049 290 1113 demptoris
311 1061 519 1114 tanquam
541 1050 702 1096 salvam
728 1061 770 1096 et
793 1050 975 1095 liberam
1013 1061 1215 1096 naturam
1240 1051 1434 1098 defendit

52 1119 310 1175 humanam,
336 1131 378 1166 et
395 1119 647 1166 Christiano
669 1131 812 1165 tamen
830 1120 991 1165 censeri
1010 1120 1227 1166 vocabulo
1242 1122 1428 1179 affectat,

52 1190 162 1253 quid
187 1190 240 1235 de
266 1190 551 1253 parvulorum
573 1190 832 1236 discretione
863 1190 1059 1235 dicturus
1088 1201 1166 1246 est,
1208 1207 1286 1236 cur
1326 1192 1433 1239 alius

51 1259 97 1305 in
117 1260 251 1306 vitam
265 1260 446 1305 secundi
460 1260 651 1305 hominis
671 1270 931 1316 assumatur,
952 1260 1061 1305 alius
1081 1260 1126 1304 in
1140 1271 1277 1305 morte
1298 1262 1431 1324 primi

56 1329 248 1374 hominis
268 1329 566 1392 relinquatur?
589 1329 635 1375 Si
660 1328 812 1375 dixerit
837 1329 963 1374 liberi
984 1329 1136 1374 arbitri
1155 1331 1304 1376 merita
1318 1349 1433 1394 prae-

50 1399 219 1444 cessisse
239 1415 250 1442 :
284 1399 517 1462 respondet
549 1399 783 1461 Apostolus
820 1415 922 1461 quae
960 1416 1094 1462 supra
1128 1399 1332 1456 diximus,
1374 1402 1429 1448 de

51 1468 250 1514 nondum
272 1469 384 1514 natis
402 1485 543 1532 neque
568 1469 734 1532 aliquid
758 1470 987 1530 agentibus
1011 1469 1117 1515 boni
1139 1481 1211 1515 aut
1235 1471 1350 1518 mali.
1385 1473 1430 1518 Si

51 1549 195 1584 autem
212 1538 366 1584 dixerit
392 1539 512 1602 quod
540 1538 689 1584 adhuc
713 1539 758 1584 in
782 1539 923 1593 libris,
945 1555 1054 1601 quos
1072 1539 1321 1601 nuperrime
1345 1542 1428 1586 Pe-

50 1607 189 1669 lagius
212 1610 474 1672 perhibetur
497 1609 697 1666 edidisse,
721 1609 986 1665 defenditur,
1015 1610 1244 1672 (quamvis
1257 1614 1350 1670 jam
1367 1612 1428 1657 vi-

52 1678 207 1725 deatur
246 1680 628 1726 anathematizasse
654 1680 699 1725 in
733 1680 971 1743 episcopali
1003 1680 1172 1739 judicio
1202 1680 1429 1743 palaestino

50 1765 139 1805 eos,
161 1750 237 1812 qui
259 1749 415 1796 dicunt
438 1750 558 1813 quod
591 1761 822 1813 peccatum
849 1750 956 1795 Adae
974 1750 1116 1812 ipsum
1143 1750 1282 1795 solum
1302 1750 1429 1797 laese—

50 1818 126 1875 rit,
147 1830 189 1864 et
198 1836 283 1864 non
298 1837 430 1879 genus
446 1820 739 1882 humanum),
768 1821 802 1865 si
815 1819 971 1864 dixerit
989 1819 1140 1865 ambos
1158 1819 1430 1879 sineJudicio

51 1898 192 1944 natos,
215 1906 294 1935 nec
321 1889 489 1952 aliquid
508 1889 561 1935 de
581 1890 713 1952 primi
728 1889 917 1935 hominis
931 1889 1210 1934 damnatione
1231 1892 1426 1947 traxisse3

50 1958 249 2021 profecto
268 1961 477 2022 quoniam
501 1977 657 2020 negare
681 1977 766 2005 non
789 1959 917 2005 audet
950 1960 996 2004 in
1018 1976 1198 2019 regnum
1215 1961 1429 2007 coelorum

53 2027 255 2091 adoptari
278 2045 395 2085 eum,
414 2030 491 2092 qui
529 2029 660 2075 fuerit
689 2040 962 2090 regeneratus
980 2029 1024 2074 in
1047 2028 1240 2084 Christo,
1268 2047 1429 2094 rspon-

53 2096 152 2143 deat
178 2098 286 2161 quid
322 2099 375 2144 de
399 2100 475 2145 illo
498 2100 698 2145 futurum
734 2100 806 2154 sit,
835 2100 909 2162 qui
944 2099 1063 2144 nulla
1091 2116 1168 2145 sua
1187 2100 1319 2164 culpa
1342 2119 1432 2148 non

51 2167 318 2231 baptizatus,
336 2169 414 2214 ista
435 2169 565 2215 fuerit
582 2169 810 2232 temporali
828 2180 963 2214 morte
982 2180 1242 2232 praeventus.
1276 2171 1322 2216 Si
1343 2189 1432 2217 non

50 2248 258 2300 putamus
276 2255 362 2285 esse
387 2239 610 2285 dicturum
630 2239 748 2304 quod
769 2239 1042 2285 innocentem
1081 2240 1212 2296 Deus,
1248 2258 1327 2287 nec
1346 2242 1432 2287 ha-

51 2308 225 2353 bentem
250 2309 457 2368 originale
482 2321 713 2373 peccatum
745 2321 842 2355 ante
879 2327 1039 2365 annOS,
1070 2311 1234 2373 quibus
1271 2312 1432 2359 habere

51 2388 224 2441 poterat
247 2379 499 2442 proprium,
522 2391 682 2426 aeterna
705 2392 841 2426 morte
864 2380 1093 2426 damnabit
1112 2398 1122 2425 ε
1151 2383 1324 2442 cogitur
1347 2384 1430 2430 ita-

53 2465 138 2512 que
155 2449 415 2513 respondere
450 2451 567 2515 quod
588 2451 786 2512 Pelagius
803 2452 851 2498 in
871 2452 1159 2498 ecclesiastico
1176 2454 1346 2513 Judicio
1381 2467 1428 2502 ut

54 2518 200 2585 aliquo
224 2520 355 2567 modo
388 2521 635 2569 catholicus
662 2522 1043 2586 pronuntiaretur,
1071 2524 1431 2572 anathematizare

104 2604 114 2626 ¹
137 2607 212 2636 Luc.
234 2615 302 2643 xxx,
328 2615 439 2637 10.—
457 2603 473 2626 ²
493 2615 510 2636 2
529 2605 612 2636 Tim.
632 2615 678 2649 vx,
701 2606 732 2638 3.

183 2675 346 2707 chvu.
1244 2664 1301 2710 32
