1799 3251
317 277 409 325 312
738 294 769 323 5.
816 292 1062 325 Aueusrlm
1096 295 1301 326 EPISCOPI

320 358 448 414 lium,
469 359 589 424 quod
603 357 687 405 illis
704 359 951 406 viventibus
971 360 1168 407 nondum
1192 371 1282 406 toto
1297 361 1401 407 orbe
1424 360 1697 425 praedicaba-

317 440 404 487 tur,
427 442 468 477 et
476 435 617 492 justas
632 430 858 477 habebant
875 448 1024 478 causas
1043 449 1123 478 cur
1142 448 1228 476 non
1252 432 1551 488 credidissent,
1572 432 1693 496 quod

314 502 374 548 eis
394 518 482 548 non
504 503 645 549 fuerat
669 503 974 549 annuntiatum
996 521 1006 548 :
1035 503 1238 566 deinceps
1279 515 1421 550 autem
1446 521 1534 549 non
1558 504 1693 549 habi-

314 583 434 619 turos
455 574 787 631 excusationem,
803 574 878 636 qui
893 574 1250 636 praedicationem
1269 574 1490 633 Evangelii
1511 591 1588 637 per
1603 591 1694 620 om-

313 660 386 688 nes
423 653 567 702 gentes
604 643 863 689 celebratam
891 644 1178 707 diffusamque
1197 654 1511 698 contemnunt3
1537 655 1579 689 et
1595 644 1693 689 ideo

316 711 400 759 illis
415 723 520 758 tune
533 713 750 759 evacuatis
762 715 1284 774 carceribusjamjustum
1296 713 1692 772 restarejudicium‚

311 799 400 845 quo
431 793 708 828 contumaces
746 783 998 829 etinfideles
1023 784 1151 829 etiam
1183 794 1343 828 aeterno
1378 783 1476 842 igne
1498 785 1692 845 punian-

314 862 401 898 tur.
429 853 517 898 Nec
543 852 799 909 attendunt,
833 854 910 917 qui
941 854 1029 898 hoc
1058 853 1264 907 sentiunt,
1303 853 1422 898 hanc
1449 853 1693 898 excusatio-

311 939 412 967 nem
430 922 595 968 habere
625 940 750 986 posse
769 941 935 980 omnes,
957 923 1033 986 qui
1054 923 1182 969 etiam
1216 933 1314 986 post
1337 923 1692 969 resurrectionem

313 991 496 1047 Christi,
521 1003 754 1055 antequam
781 994 836 1040 ad
855 1011 926 1039 eos
945 994 1230 1054 Evangelium
1250 994 1511 1057 perveniret,
1539 1011 1586 1039 ex
1607 993 1692 1039 hac

310 1063 400 1109 Vita
423 1064 704 1123 emigrarunt.
749 1065 899 1128 Neque
933 1065 1048 1111 enim
1067 1076 1352 1128 posteaquam
1389 1064 1603 1110 Dominus
1621 1081 1691 1110 re-

312 1133 471 1178 meavit
491 1134 547 1178 ab
565 1133 728 1191 inferis,
745 1152 871 1180 nemo
887 1135 1119 1198 permissus
1131 1147 1192 1181 est
1205 1136 1362 1180 iterum
1378 1135 1438 1180 ire
1453 1134 1507 1179 ad
1518 1134 1690 1188 inferos,

311 1202 394 1251 nisi
430 1202 578 1248 audito
616 1204 869 1263 Evangelio,
911 1222 1011 1250 cum
1038 1215 1125 1250 tam
1154 1205 1281 1251 multi
1306 1215 1576 1250 morerentur
1601 1215 1692 1250 toto

311 1273 416 1318 orbe
439 1284 671 1328 terrarum,
702 1285 934 1337 antequam
956 1274 1010 1320 ad
1033 1291 1104 1321 eos
1125 1275 1224 1320 haee
1244 1275 1520 1320 annuntiatio
1541 1291 1693 1338 perve-

311 1343 442 1400 niret;
479 1344 555 1422 qui
583 1360 731 1389 omnes
769 1344 1001 1390 habebunt
1034 1345 1370 1401 excusationem,
1406 1361 1506 1408 quae
1547 1344 1692 1391 ablata

310 1412 473 1459 dicitur
495 1414 554 1459 eis
570 1414 731 1491 quibus
752 1414 968 1459 Dominus
1005 1431 1105 1460 cum
1129 1415 1310 1460 venisset
1332 1415 1472 1477 ,quia
1490 1424 1586 1460 ante
1604 1431 1693 1460 non

312 1482 557 1539 audierant,
579 1485 624 1528 in
643 1483 754 1531 infel
758 1501 813 1529 no
838 1484 1002 1530 dicitur
1020 1485 1295 1548 praedicasse.

377 1555 500 1601 xlll.
524 1555 615 1600 Nisi
637 1554 748 1600 sorte
771 1554 945 1601 dicatur
971 1557 1100 1602 etiam
1130 1557 1249 1611 istos,
1275 1554 1350 1618 qui
1386 1565 1483 1617 post
1515 1555 1691 1601 Domini

313 1625 670 1670 resurrectionem
692 1625 888 1671 nondum
921 1626 1004 1671 sibi
1033 1627 1291 1672 annuntiato
1317 1625 1548 1684 Evangelio
1572 1642 1692 1671 mor-

314 1694 377 1740 tui
391 1707 507 1749 sunt,
528 1695 615 1742 sive
635 1696 898 1751 moriuntur,
916 1696 1007 1742 illie
1029 1697 1149 1759 apud
1163 1696 1322 1742 inferos
1337 1695 1487 1740 audire
1501 1697 1692 1759 potuisse

313 1764 379 1809 vel
404 1781 544 1827 posse,
575 1765 728 1825 utillic
745 1765 940 1820 credant,
970 1766 1091 1830 quod
1116 1766 1169 1812 de
1191 1766 1356 1813 Christi
1380 1766 1559 1812 veritate
1593 1783 1690 1812 cre-

311 1834 503 1880 dendum
526 1847 602 1894 est⁷
617 1847 657 1881 et
669 1836 860 1882 habeant
874 1838 1002 1882 etiam
1016 1838 1098 1900 ipsi
1117 1838 1409 1882 remissionem
1425 1854 1473 1882 ae
1487 1836 1685 1891 salutem,

310 1921 442 1967 quam
475 1905 540 1950 illi
579 1917 855 1962 meruerunt,
882 1908 1044 1969 quibus
1070 1908 1131 1953 ibi
1168 1908 1370 1953 Christus
1396 1908 1683 1954 annuntiavit.

311 1976 459 2039 Neque
481 1976 596 2021 enim
611 1978 712 2039 quia
731 1995 878 2023 rursus
899 1978 1091 2024 aseendit
1110 1979 1313 2024 Christus
1333 1979 1387 2023 ah
1405 1977 1567 2034 inferis,
1592 1978 1689 2024 ideo

308 2046 371 2091 ibi
401 2045 516 2091 fama
535 2051 626 2106 ers
649 2048 834 2094 extincta
860 2058 921 2093 est
946 2065 956 2091 :
986 2066 1086 2097 nam
1117 2060 1162 2094 et
1184 2049 1289 2094 hinc
1311 2048 1504 2094 ascendit
1523 2049 1568 2093 in
1594 2066 1689 2095 coe-

310 2115 422 2171 lum,
448 2127 488 2161 et
516 2127 656 2162 tamen
679 2120 771 2177 ejus
806 2119 1162 2174 annuntiatione,
1199 2120 1275 2182 qui
1300 2119 1346 2163 in
1369 2135 1465 2164 eum
1488 2118 1688 2164 credide-

311 2186 417 2241 rint,
444 2187 550 2233 salvi
574 2199 714 2234 erunt.
738 2187 841 2234 Ideo
860 2189 1026 2252 quippe
1044 2190 1249 2236 exaltatus
1275 2200 1335 2234 est
1353 2189 1391 2245 1,
1417 2200 1458 2234 et
1475 2189 1688 2235 donatum

305 2267 366 2302 est
386 2258 423 2302 ei
454 2275 611 2303 nomen
633 2259 753 2322 quod
775 2270 836 2305 est
863 2277 992 2322 super
1013 2277 1139 2305 omne
1160 2277 1317 2306 nomen
1336 2297 1345 2314 ‚
1375 2271 1423 2306 ut
1447 2261 1490 2305 iu
1509 2260 1684 2307 nomine

306 2330 396 2386 eJ'us
421 2345 547 2374 omne
568 2346 678 2388 genu
710 2329 928 2386 flectatur,
957 2347 1044 2376 non
1061 2330 1198 2376 solum
1218 2331 1460 2376 coelestium
1479 2341 1521 2376 et
1540 2341 1688 2376 terres-

309 2398 459 2453 trium,
495 2400 778 2445 verumetiam
812 2401 1095 2448 infernorum.
1125 2401 1209 2447 Sed
1235 2402 1351 2446 hanc
1375 2400 1624 2463 opinionem
1649 2401 1684 2446 si

310 2467 596 2525 admittimus,
620 2487 704 2532 qua
730 2471 875 2532 putari
906 2481 1064 2534 potest,
1096 2471 1314 2526 homines,
1342 2471 1538 2534 quicum
1564 2471 1687 2516 vive-

308 2549 419 2595 rent,
443 2540 619 2586 minime
639 2542 935 2599 crediderunt,
965 2560 1087 2606 posse
1110 2543 1153 2588 in
1173 2543 1398 2589 Christum
1433 2541 1551 2605 apud
1572 2541 1686 2587 infe-

355 2625 364 2645 ¹
382 2624 501 2667 Philip.
521 2635 555 2661 u,
576 2636 607 2664 9.
