1799 3251
327 277 419 325 250
729 293 761 323 S.
807 291 1048 323 Aueusrnw
1083 289 1286 321 EPtSCOPI

327 357 587 421 suppliciter
607 356 804 403 inhiante
823 357 1047 403 voluntate
1064 370 1294 419 poscamus
1309 390 1319 409 ‚
1341 354 1702 401 adminiculantes

327 430 565 474 orationem
612 439 802 473 nostram
843 426 1152 482 misericordiae
1191 425 1424 471 fructuosis
1466 426 1699 489 operibus;

330 498 475 554 dando
498 510 546 543 ut
569 497 698 543 detur
723 497 871 553 nohisg
898 495 1161 542 dimittendo
1189 505 1236 540 ut
1256 495 1501 541 dimittatur
1523 495 1663 541 nobis.

393 569 472 613 XI.
504 565 771 629 Respondet
787 566 852 610 ad
866 571 1177 629 qztceslt'onem
1197 563 1253 608 (le
1266 576 1464 627 peccato
1488 569 1697 627 orz'gz'nzls.

329 665 386 672 -
413 636 544 692 Quod
565 647 706 681 autem
731 635 885 680 dicunt
904 634 1109 680 infantem
1130 642 1558 696 morte'praeventum
1577 670 1587 688 ,
1613 647 1701 679 non

327 707 629 770 baptizatum,
670 706 812 768 perire
849 722 935 750 nou
966 721 1116 767 posse.
1153 704 1359 767 quoniam
1394 704 1483 749 sine
1521 714 1704 767 peccato

329 778 553 823 nascitur:
581 793 669 822 non
693 776 780 822 hoc
812 776 918 821 dicit
947 774 1207 837 Apostolus;
1237 784 1278 819 et
1296 774 1484 819 arbitror
1507 791 1591 819 esse
1613 790 1706 818 mc-

326 846 410 893 lius
427 885 436 901 ,
459 858 508 892 ut
529 847 738 910 Apostolo
754 847 903 909 potius
924 862 1054 908 quam
1073 845 1163 890 istis
1183 844 1425 890 credamus.
1455 844 1576 889 Dicit
1591 843 1704 888 enim

327 917 400 963 ille
423 917 579 962 doctor
600 917 791 976 gentium
809 953 818 970 ‚
852 916 896 961 in
921 932 1008 978 quo
1036 914 1238 960 Christus
1261 913 1530 978 loquebatur
1551 931 1562 958 ι
1587 933 1606 954 α
1625 912 1709 958 Per

330 1007 350 1028 ))
381 1004 516 1032 unum
541 986 766 1030 hominem
793 996 1019 1048 peccatum
1042 984 1218 1029 intravit
1235 983 1279 1028 in
1300 984 1511 1029 mundum
1529 1020 1538 1038 ‚
1563 993 1605 1028 et
1626 998 1706 1045 per

328 1077 348 1097 >2
371 1066 600 1118 peccatum
624 1072 739 1100 mors
758 1091 767 1109 ‚
798 1065 841 1099 et
874 1054 933 1099 ita
958 1055 1002 1099 in
1038 1070 1184 1099 omnes
1206 1053 1402 1098 homines
1425 1052 1703 1116 pertransiit,

329 1126 416 1171 »in
450 1141 538 1188 quo
575 1141 721 1169 omnes
764 1134 1073 1186 peccaverunt.
1107 1144 1127 1164 »
1167 1124 1222 1168 Et
1260 1123 1393 1185 paulo
1427 1133 1529 1185 post
1564 1121 1704 1166 dicit:

327 1215 347 1235 «
378 1195 486 1239 Nam
507 1193 725 1253 judicium
746 1193 929 1256 quidem
952 1211 998 1238 ex
1025 1209 1112 1238 uno
1132 1192 1292 1238 delicto
1312 1193 1356 1237 in
1377 1191 1710 1238 condemnatio-

328 1286 348 1305 »
375 1282 497 1315 nem,
535 1264 672 1323 gratia
709 1274 853 1309 autem
892 1281 939 1308 ex
972 1263 1120 1309 multis
1159 1262 1332 1308 delictis
1365 1263 1409 1308 in
1430 1261 1711 1321 justificatio-

333 1358 354 1376 »
380 1333 524 1380 1161111.
552 1355 571 1375 n
594 1333 784 1379 Proinde
810 1333 904 1388 isti,
933 1350 1062 1397 quem
1096 1332 1206 1378 forte
1236 1333 1482 1378 invenerint
1501 1331 1710 1378 infantem

330 1422 418 1450 non
445 1421 491 1449 ex
514 1403 628 1449 illius
654 1404 781 1448 unius
805 1371 996 1448 honiinis
1019 1402 1374 1465 concupiscentia
1405 1411 1705 1465 procreatum,

327 1474 472 1537 ipsum
492 1473 640 1518 dicant
662 1472 724 1517 illi
744 1473 1015 1518 damnationi
1034 1489 1121 1517 non
1140 1489 1225 1517 esse
1241 1472 1513 1527 obnoxium,
1535 1488 1614 1516 nec
1635 1487 1711 1534 per

331 1543 497 1589 Christi
537 1543 719 1602 gratiam
762 1543 817 1587 ab
856 1542 929 1588 illa
965 1542 1242 1588 damnitione
1281 1558 1368 1586 esse
1409 1508 1703 1587 libeiandum.

331 1613 447 1670 Quid
474 1623 536 1657 est
537 1579 667 1657 Denim
696 1629 706 1656 :
742 1633 761 1652 c<
784 1614 843 1657 Ex
870 1629 955 1657 uno
977 1612 1136 1657 delicto
1160 1612 1204 1657 in
1228 1611 1634 1656 condemnationem
1654 1646 1665 1666 ,
1689 1628 1710 1651 »

330 1704 351 1724 »
381 1682 460 1727 nisi
495 1681 569 1727 illo
607 1682 792 1737 delicto,
836 1700 923 1746 quo
956 1682 1141 1745 deliquit
1172 1682 1343 1727 Adam?
1391 1683 1444 1726 Et
1480 1680 1588 1743 quid
1618 1690 1706 1735 est,

324 1773 345 1795 ))
370 1769 416 1797 ex
442 1751 588 1797 multis
616 1751 784 1796 delictis
805 1752 1228 1810 injustificationem
1248 1789 1258 1807 ‚
1281 1776 1299 1791 ι»
1317 1751 1398 1797 nisi
1428 1754 1530 1814 quia
1548 1750 1712 1797 Christi

330 1823 464 1883 gratia
501 1839 587 1866 non
619 1822 756 1866 solum
792 1822 901 1867 illud
937 1840 1075 1868 unum
1102 1823 1309 1868 delictum
1335 1822 1486 1877 solvit,
1518 1838 1605 1884 quo
1625 1821 1711 1866 ob-

329 1893 603 1951 stringuntur
636 1891 820 1935 infantcs
850 1909 896 1936 ex
928 1893 1001 1938 illo
1029 1909 1116 1937 uno
1146 1892 1324 1939 homine
1355 1891 1597 1954 procreati,
1633 1889 1706 1935 sed

329 1964 456 2008 etiam
494 1961 631 2006 multa
661 1960 817 2005 delicta
841 1998 850 2015 ,
875 1979 975 2024 quae
1003 1979 1103 2007 cum
1137 1961 1352 2007 creverint
1376 1961 1600 2015 homines,
1630 1959 1710 2005 ad-

331 2034 443 2079 dunt
468 2031 590 2076 malis
609 2031 810 2075 morib-us
838 2033 953 2077 suis?
978 2033 1143 2077 Tamen
1162 2042 1201 2076 et
1220 2031 1332 2076 illud
1357 2047 1490 2076 unum
1509 2067 1518 2084 ‚
1547 2046 1635 2092 quo
1650 2039 1712 2075 est

337 2103 528 2162 obligata
563 2118 760 2164 propago
797 2102 1007 2155 carnalis‚
1045 2119 1145 2165 quae
1180 2102 1234 2147 ab
1263 2101 1338 2146 illo
1369 2101 1510 2164 primo
1533 2099 1711 2145 homine

331 2173 539 2233 originem
564 2171 715 2224 ducit,
739 2171 932 2216 sufficere
954 2172 1061 2217 dicit
1081 2172 1135 2216 ad
1153 2170 1573 2217 condemnationem.
1607 2169 1710 2214 Ideo

330 2261 418 2289 non
442 2252 505 2287 est
533 2241 780 2303 superfluus
816 2242 1062 2304 baptismus
1096 2240 1413 2303 parvulorum,
1450 2250 1498 2285 ut
1532 2239 1607 2302 qui
1633 2255 1710 2302 per

331 2312 648 2374 generationem
670 2311 732 2361 illi
752 2311 1107 2358 condemnationi
1128 2311 1310 2370 obligati
1333 2320 1459 2365 sunt,
1488 2326 1565 2379 per
1588 2326 1709 2368 rege-

329 2383 595 2428 nerationem
634 2381 689 2426 ab
721 2381 871 2426 eadem
908 2381 1269 2427 condemnatione
1307 2379 1544 2426 solvantur
1586 2378 1710 2423 Sicut

331 2453 445 2499 enim
467 2469 556 2497 non
580 2451 799 2500 invenitur
825 2451 988 2505 homo,
1017 2452 1093 2514 qui
1125 2461 1286 2515 praeter
1308 2449 1447 2496 Adam
1477 2448 1710 2494 carnaliter

333 2532 557 2584 generetur
580 2538 591 2565 ε
621 2520 681 2566 sic
705 2538 794 2566 non
820 2488 1038 2568 invenit’ur-
1067 2521 1203 2567 homo
1220 2557 1230 2577 ,
1257 2520 1331 2584 qui
1356 2528 1518 2583 praeter
1547 2518 1705 2564 Chris-.-

377 2605 498 2636 ¹Rom.
514 2613 544 2640 v,
566 2614 618 2637 12.
