1799 3251
604 245 815 276 EPISTOLA
851 245 936 276 CLI.
1385 252 1468 300 197

95 316 402 379 participatam
428 311 768 360 sollicitudinem
800 311 954 357 frustra
994 313 1272 360 vehementer
1307 316 1472 363 institi-

96 403 190 431 mus
208 423 218 441 ‚
249 403 300 430 ne
321 385 394 431 illo
422 402 496 431 cor
516 394 712 429 nostrum
748 381 896 427 dolore
923 383 1201 444 percelleret,
1229 401 1349 431 suam
1368 404 1471 434 vero

97 455 404 501 conscientiam
436 464 556 499 tanto
589 451 743 498 scelere
765 450 1000 497 trucidaret
1019 452 1065 514 ‚)
1095 453 1304 500 continuo
1330 472 1425 501 sum
1449 475 1475 503 a

97 524 360 584 Carthagine
382 523 604 587 profectus
636 520 853 566 occultato
871 520 1069 566 abscessu
1097 540 1190 568 meo
1208 561 1220 580 ‚
1249 541 1299 569 ne
1334 535 1398 570 tot
1423 543 1475 572 ac

96 594 234 649 tanti,
274 595 351 657 qui
387 598 478 653 ejus
511 593 620 638 intra
648 591 869 636 ecclesiam
906 591 1097 650 gladium
1136 592 1469 654 formidabant,

94 662 291 709 violentis
332 664 508 708 fletibus
547 673 587 706 ct
629 661 859 720 gemitibus
901 678 967 705 nic
1010 672 1230 719 tenerent,
1272 675 1475 726 putantes

95 750 232 778 meam
259 733 342 778 sibi
371 732 533 795 aliquid
564 749 689 795 posse
717 730 920 793 prodesse
944 732 1246 793 praesentiamg
1280 745 1475 797 utquem

95 803 194 848 satis
228 802 355 862 digne
387 819 468 866 pro
493 806 582 862 ejus
619 801 762 846 anima
797 801 1027 860 objurgare
1055 817 1144 846 non
1171 819 1365 865 possem,
1388 821 1473 868 pro

94 871 272 918 illorum
297 872 559 936 corporibus
583 871 711 916 ctiam
737 887 886 929 rogare
910 870 1208 933 compellerer.
1236 873 1379 930 Quam
1401 884 1473 921 ta-

92 958 191 987 men
226 959 374 988 eorum
413 941 686 1005 corporalem
724 941 904 986 salutem
941 941 1040 986 satis
1063 944 1246 1004 parietes
1278 945 1472 992 ecclesiae

91 1012 360 1059 muniebant.
388 1014 478 1072 Ego
500 1023 643 1058 autem
659 1011 778 1057 duris
802 1011 1056 1057 coarctabar
1085 1013 1321 1073 angustiis,
1343 1016 1468 1078 quod

92 1099 232 1146 neque
251 1083 323 1129 ille
351 1100 418 1129 me
453 1094 701 1146 pateretur,
738 1081 910 1145 qualem
941 1093 1185 1145 oporteret;
1216 1094 1257 1129 et
1289 1083 1468 1149 insuper

91 1152 231 1198 facere
248 1170 420 1213 cogerer
442 1153 562 1216 quod
582 1170 670 1198 non
688 1152 874 1198 deceret.
895 1152 1106 1197 Dolebam
1128 1153 1256 1198 etiam
1283 1155 1469 1213 graviter

92 1222 232 1268 vicem
257 1223 512 1268 venerabilis
536 1222 790 1285 coepiscopi
816 1221 897 1267 mei
932 1232 1062 1266 tantae
1094 1223 1299 1268 rectoris‘2
1325 1224 1470 1270 eccle-

91 1292 184 1345 siae,
219 1292 272 1337 ad
290 1296 414 1352 cujus
435 1293 650 1356 pertinere
671 1293 902 1338 dicebatur
925 1292 1114 1337 officium
1133 1329 1142 1347 ‚
1163 1303 1260 1355 post
1279 1293 1471 1341 hominis

93 1372 178 1408 tam
206 1362 411 1408 nefariam
437 1362 652 1408 fallaciam
676 1362 825 1408 adhuc
849 1379 891 1407 se
916 1362 1113 1425 praebere
1132 1362 1361 1420 humilem,
1379 1382 1467 1429 quo

93 1433 259 1479 caeteris
285 1443 550 1497 parceretur.
578 1434 753 1486 Fateor,
795 1450 896 1478 cum
935 1443 1105 1478 tanturn
1145 1434 1309 1480 malum
1343 1435 1466 1482 nullo

91 1503 278 1567 pectoris
300 1503 456 1548 robore
468 1503 703 1566 potuissem
726 1502 923 1559 tolerare,
940 1503 1128 1549 discessi.

157 1574 232 1620 IV.
262 1574 369 1618 Haec
391 1584 496 1619 esset
509 1583 551 1618 et
569 1589 686 1619 nunc
710 1572 866 1618 silentii
884 1573 969 1619 mei
995 1590 1120 1619 causa
1148 1575 1265 1637 apud
1291 1586 1347 1632 te,
1367 1594 1469 1640 quae

91 1643 175 1689 fuit
198 1655 302 1690 tunc
335 1643 605 1690 discessionis
632 1661 738 1690 meae
757 1681 766 1699 ,
798 1644 831 1689 si
855 1654 893 1689 te
917 1644 1035 1707 apud
1065 1644 1188 1689 illum
1224 1645 1352 1705 egisse
1371 1664 1468 1692 cre-

93 1715 255 1770 derem,
279 1724 324 1760 ut
344 1725 429 1760 tam
448 1714 628 1760 nefarias
654 1713 933 1759 ulcisceretur
952 1715 1147 1773 injurias.
1175 1715 1468 1763 Creduntista

90 1785 165 1849 qui
188 1786 384 1830 nesciunt
404 1822 413 1839 ‚
440 1784 661 1848 quomodo
686 1795 728 1829 et
752 1785 919 1847 quotics
937 1795 978 1830 et
994 1802 1094 1847 quae
1121 1785 1247 1831 nobis
1273 1786 1428 1833 dixeris
1450 1826 1462 1844 ‚

92 1873 193 1902 cum
224 1856 345 1901 anxia
367 1872 470 1901 cura
499 1872 796 1918 perageremus
813 1893 822 1911 ‚
850 1867 898 1901 ut
922 1866 1087 1919 quanto
1112 1857 1191 1901 tibi
1213 1855 1467 1904 familiarius

92 1926 364 1981 inhaerebat,
387 1937 550 1989 quanto
577 1926 630 1971 ad
653 1943 752 1972 cum
782 1926 978 1972 crebrius
1005 1926 1246 1972 ventitabas
1268 1964 1279 1983 ,
1304 1940 1468 1991 quanto

40 2052 46 2061 .
91 1997 248 2059 saepius
272 2013 373 2042 cum
397 1997 486 2042 solo
509 1996 828 2060 colloquebaris
844 2034 854 2051 ‚
879 2007 999 2042 tanto
1027 1997 1160 2057 magis
1177 2010 1348 2044 curaret
1365 2001 1469 2046 exis-

94 2068 360 2113 timationem
396 2079 543 2121 tuan13
582 2085 636 2112 ne
661 2068 753 2116 his.
781 2069 857 2132 qui
885 2069 946 2114 tui
978 2069 1242 2114 dicebantur
1268 2070 1465 2127 inimici,

95 2137 224 2182 talem
257 2138 417 2183 exitum
443 2137 581 2193 daret,
610 2148 657 2183 ut
678 2137 789 2183 nihil
813 2154 914 2183 cum
935 2137 1010 2183 illo
1036 2138 1155 2184 aliud
1181 2140 1310 2199 egisse
1333 2151 1468 2203 puta-

93 2208 210 2254 reris.
239 2207 369 2265 Quod
395 2208 571 2271 quidem
598 2225 677 2254 nec
701 2225 778 2268 ego
799 2208 929 2254 credo
950 2245 960 2265 ‚
984 2225 1062 2254 nec
1081 2208 1233 2255 fratres
1257 2211 1339 2256 mei
1359 2248 1369 2267 ,
1393 2212 1471 2275 qui

94 2288 134 2323 te
163 2278 206 2323 in
232 2277 413 2341 loquelis
437 2278 696 2332 audierunt,
732 2289 773 2324 et
794 2278 947 2324 auditu
973 2289 1100 2342 atque
1125 2281 1241 2325 omni
1268 2290 1377 2327 nutu
1396 2282 1468 2327 vi-

94 2348 253 2394 derunt
283 2349 401 2409 signa
428 2349 604 2410 benigni
631 2350 818 2414 pectoris
845 2350 923 2396 tui.
958 2349 1040 2395 Sed
1060 2386 1071 2405 ,
1102 2350 1282 2397 obsecro
1303 2361 1370 2407 te,
1398 2352 1468 2413 ig-

94 2436 222 2465 nosce
251 2418 529 2465 credentibus
560 2437 571 2464 :
613 2420 811 2466 homines
845 2420 960 2465 enim
990 2430 1090 2465 sunt
1110 2457 1120 2476 ,
1164 2431 1206 2466 et
1232 2421 1277 2466 in
1316 2423 1469 2468 animis

93 2490 324 2538 hominum
351 2501 482 2535 tantae
506 2489 686 2538 latebrae
707 2502 810 2539 sunt
832 2502 873 2537 et
894 2492 1001 2540 tanti
1023 2508 1225 2548 recessus,
1250 2502 1296 2538 ut
1318 2509 1467 2540 omncs

144 2575 152 2596 ¹
171 2571 291 2605 Aurelii
310 2572 539 2615 Caitlvg'nens
555 2584 580 2606 s.
