1799 3251
325 299 416 360 372
744 309 778 338 s.
823 307 1066 339 Aueusrim
1103 308 1305 340 EPISCOPI

327 385 623 439 nuncupatur.
649 374 800 437 Ipsum
824 375 938 420 enim
963 376 1143 422 verbum
1160 376 1279 421 estin
1296 377 1434 437 Lege,
1461 377 1539 422 ubi
1558 376 1695 440 scrip-

325 457 422 492 tum
444 455 507 490 est
528 462 538 490 :
563 465 583 487 «
603 444 840 490 Dominum
861 447 998 491 Deum
1031 457 1155 492 tuum
1179 446 1404 502 adorabis,
1432 457 1472 492 et
1499 446 1561 493 illi
1585 446 1692 492 soli¹

325 537 348 559 >2
373 515 550 563 servies2
576 532 586 560 ε
608 537 628 557 »
650 531 780 579 quem
809 515 842 561 si
869 517 1008 562 Deum
1034 517 1207 562 Patrem
1242 517 1546 564 tantummodo
1571 517 1693 563 dixe-

320 590 476 646 rimus,
500 588 872 652 respondebitur.
902 590 1014 649 Ergo
1037 593 1175 636 λατεεΐ
1163 611 1201 635 α
1227 591 1333 636 lilio
1355 608 1443 637 non
1470 590 1688 636 debetur·

321 659 442 738 quod
465 624 582 705 iiefas
612 669 673 704 est
691 658 848 706 dicere.
887 659 933 705 Si
957 671 1099 706 autem
1125 660 1324 715 debetur,
1352 660 1574 725 quomodo
1593 677 1692 721 ergo

319 731 399 777 uni
418 741 589 776 tantum
610 728 794 776 debetur
812 732 927 787 Deo,
950 732 984 776 si
1002 742 1043 777 et
1064 731 1185 777 Puri
1203 741 1243 777 et
1261 731 1366 777 Filio
1388 731 1588 787 debetur,
1611 731 1694 776 nisi

317 802 420 866 quia
443 818 554 847 unus
580 802 719 857 Deus,
744 801 816 847 cui
833 801 911 847 soli
928 819 1006 865 per
1025 805 1206 865 λατρείαν
1225 803 1381 848 servire
1396 802 1503 863 jussi
1523 818 1689 857 sumus,

315 872 377 919 ita
403 872 565 917 dicitur
587 871 702 917 solus
726 872 840 917 Deus
859 909 869 927 ,
901 883 948 917 ut
969 883 1011 918 et
1035 874 1166 918 Pater
1190 872 1457 933 intelligatur
1473 882 1514 917 et
1537 871 1688 928 Filius,

316 943 404 990 imo
429 943 556 988 etiam
577 953 618 988 et
636 942 824 1005 Spiritus
838 955 1024 990 sanctus.
1052 945 1116 990 De
1133 944 1208 990 illo
1234 944 1400 1008 quippe
1421 943 1529 989 dicit
1550 949 1689 1006 Apos-

314 1014 428 1060 tolus
453 1032 463 1058 :
496 1033 516 1055 «
544 1014 723 1058 Nescitis
753 1014 855 1076 quia
888 1032 1072 1078 corpora
1104 1027 1243 1061 restra
1276 1015 1489 1079 templum
1519 1025 1619 1060 sunt
1647 1013 1693 1059 in

312 1105 334 1127 >)
360 1084 484 1130 vobis
501 1084 690 1146 Spiritus
710 1085 847 1130 sancti
865 1121 874 1141 ,
894 1103 1024 1149 quem
1046 1086 1216 1132 habetis
1236 1105 1260 1132 a
1280 1088 1369 1132 Deo
1385 1124 1396 1143 ,
1421 1097 1462 1131 et
1482 1103 1571 1130 non
1590 1085 1689 1131 estis

313 1176 334 1197 >)
359 1153 503 1201 vestri.
552 1154 704 1217 Empti
746 1155 860 1200 enim
904 1156 1002 1201 estis
1041 1173 1197 1216 magno
1236 1158 1391 1220 pretio.
1439 1156 1692 1202 Glorificate

309 1247 330 1268 ))
357 1226 514 1280 Deum,
536 1236 578 1270 et
596 1235 765 1287 portate
782 1227 828 1270 in
843 1242 1026 1290 corpore
1042 1238 1181 1273 vestro
1196 1227 1213 1256 5
1236 1246 1245 1273 ε
1264 1250 1283 1270 J)
1301 1245 1431 1291 quem
1453 1228 1625 1272 «Deum
1643 1263 1653 1282 ,
1672 1248 1691 1268 >2

310 1296 393 1344 nisi
420 1296 634 1359 Spiritum
653 1307 847 1343 sanctum
865 1334 875 1354 ,
904 1300 1029 1359 cujus
1050 1315 1234 1362 corpora
1258 1310 1402 1345 nostra
1426 1297 1590 1343 dixerat
1604 1314 1690 1344 esse

314 1366 558 1430 templum?
586 1367 781 1412 Debetur
804 1385 904 1427 ergo
927 1371 1088 1432 λατρεία
1125 1370 1310 1433 Spiritui
1334 1379 1497 1416 sancto.
1527 1369 1638 1414 Nam
1657 1367 1692 1413 si

312 1437 528 1500 templum
559 1437 595 1482 ei
617 1437 756 1482 facere
773 1474 782 1494 ‚
802 1438 914 1483 sicut
938 1438 1145 1484 Salomon
1165 1440 1267 1485 fecit
1290 1440 1343 1485 de
1366 1439 1492 1499 lignis
1513 1449 1554 1484 et
1572 1437 1691 1501 lapi-

315 1508 473 1563 dibus,
507 1507 782 1567 juberemur,
822 1508 973 1572 utique
1005 1509 1203 1556 faciendo
1235 1509 1445 1573 templum
1465 1547 1477 1567 ,
1506 1511 1688 1573 λατρείαν

316 1579 519 1625 exhibere
541 1578 915 1635 convinceremur,
942 1591 1105 1643 quanto
1126 1582 1261 1641 magis
1276 1583 1458 1644 λατρείαν
1483 1580 1691 1626 debemus

311 1651 384 1697 cui
404 1667 492 1695 non
519 1649 731 1712 templum
758 1649 940 1696 facimus
955 1688 964 1706 ,
989 1651 1060 1697 sed
1083 1656 1265 1698 sumus?

377 1722 462 1768 111.
494 1723 556 1767 Ac
574 1737 653 1783 per
676 1721 762 1766 hoc
783 1721 816 1766 si
834 1722 957 1767 Patri
977 1732 1017 1768 et
1036 1723 1144 1769 Filio
1165 1734 1206 1769 et
1232 1723 1417 1787 Spiritui
1443 1732 1592 1768 sancto
1610 1728 1690 1767 λα·-

310 1794 419 1856 τρεία
440 1790 639 1847 debetur,
661 1801 703 1836 et
719 1792 949 1838 exhibetur
973 1810 996 1838 a
1025 1793 1152 1839 nobis
1170 1830 1181 1851 ,
1213 1793 1266 1840 de
1299 1812 1383 1858 qua
1407 1794 1574 1839 dictum
1596 1802 1656 1837 est
1676 1809 1686 1836 z

311 1887 332 1907 «
353 1866 593 1911 Dominum
618 1868 760 1910 Deum
787 1876 912 1911 tuum
948 1866 1149 1912 adorabis
1167 1904 1177 1923 ,
1207 1879 1248 1913 et
1269 1867 1347 1913 soli
1371 1867 1433 1913 illi
1460 1865 1614 1912 servies
1636 1882 1646 1910 ε
1671 1886 1690 1906 >2

311 1934 471 2001 procul
492 1934 629 1980 dubio
646 1936 858 1981 Dominus
883 1937 996 1982 Deus
1017 1948 1176 1993 noster,
1210 1938 1280 1984 cui
1309 1938 1385 1984 soli
1409 1955 1488 2001 per
1505 1938 1686 1998 λατρεὶαν

312 2006 471 2053 servire
497 2005 706 2051 debemus
725 2044 735 2062 ,
757 2024 842 2052 non
863 2017 923 2052 est
951 2009 1080 2053 Pater
1103 2008 1216 2053 solus
1232 2046 1242 2063 ‚
1270 2026 1348 2054 nec
1382 2008 1518 2053 Filius
1546 2005 1685 2061 solus,

312 2094 394 2124 nec
412 2077 525 2123 solus
552 2077 740 2139 Spiritus
770 2088 968 2131 sauctus3
992 2078 1065 2124 sed
1091 2080 1183 2141 ipsa
1211 2079 1399 2125 Trinitas
1429 2094 1540 2124 unus
1575 2078 1689 2121 Deus

317 2148 454 2204 solus,
479 2151 622 2203 Pater,
644 2158 685 2192 et
703 2148 851 2205 Filius,
875 2159 916 2194 et
942 2149 1130 2212 Spiritus
1150 2161 1322 2196 sanctus
1345 2168 1354 2195 :
1379 2165 1467 2196 non
1490 2159 1538 2194 ut
1561 2148 1690 2193 Pater

313 2219 368 2265 sit
386 2219 476 2282 ipse
502 2219 578 2282 qui
605 2218 737 2264 Filius
756 2257 766 2275 ,
793 2219 859 2265 vel
885 2220 1075 2282 Spiritus
1093 2232 1267 2267 sanctus
1290 2221 1382 2284 ipse
1400 2221 1453 2266 sit
1473 2229 1547 2265 ant
1564 2222 1690 2263 Pater

319 2301 394 2335 aut
420 2290 553 2335 Filius
570 2327 580 2346 ,
609 2307 710 2335 cum
735 2292 787 2335 sit
804 2290 848 2335 in
872 2290 943 2336 illa
966 2291 1179 2338 Trinitate
1209 2296 1334 2337 Pater
1350 2292 1447 2337 Filii
1470 2290 1599 2335 solius
1615 2325 1626 2345 ‚
1648 2297 1689 2334 et

315 2360 451 2405 Filius
475 2362 612 2405 Patris
647 2361 800 2416 solius,
832 2362 1019 2424 Spiritus
1044 2374 1186 2408 autem
1226 2374 1399 2409 sanctus
1422 2372 1463 2407 et
1490 2359 1629 2405 Patris
1647 2367 1689 2402 et

317 2429 413 2475 Filii
433 2431 485 2475 sit
504 2430 691 2493 Spiritus
713 2449 722 2475 ε
745 2431 816 2476 sed
835 2443 1014 2495 propter
1034 2449 1163 2477 unam
1182 2433 1464 2495 eamdemque
1486 2439 1687 2475 naturam

317 2511 445 2563 atque
474 2501 807 2563 inseparabilem
832 2503 959 2547 vitam
979 2540 988 2557 ,
1018 2503 1110 2566 ipsa
1146 2503 1360 2559 Trinitas,
1391 2510 1603 2565 quantum
1632 2497 1686 2542 ab

312 2570 491 2617 homine
514 2582 684 2635 potest,
709 2572 794 2618 fide
818 2573 1091 2636 praecedente
1112 2573 1366 2634 intelligitur
1391 2588 1502 2619 unus
1530 2567 1686 2616 Domi-

359 2653 1050 2695 1Dtut.x·1,13‚—“2Axr‚0÷-322:;.-31
1077 2658 1149 2688 Cor.
1173 2669 1214 2696 vr,
1241 2668 1290 2699 ¹9.
