1799 3251
539 296 751 326 EPtSTOLA
785 297 1009 327 chxxvir.
1385 284 1476 329 533

105 359 306 417 gentibus
323 361 581 406 constitutos
602 360 797 405 nondum
818 360 976 416 fideles,
1004 360 1197 406 nondum
1217 362 1470 425 baptizatos.

106 430 340 486 Quomodo
363 448 462 490 ergo
499 431 578 476 Dei
602 430 728 485 filios,
762 431 840 476 nisi
863 431 1102 477 secundum
1123 432 1474 495 praedestinatio-

106 517 201 545 nem
229 501 464 546 secundum
497 518 627 564 quam
660 511 701 545 et
751 501 984 564 Apostolus
1017 501 1151 546 dicit:
1198 501 1363 558 «Quod
1397 519 1475 547 nos
1509 539 1513 546 s

106 590 126 610 »
148 569 318 628 elegerit
342 571 452 615 Deus
481 571 523 614 in
548 570 739 626 Christo,
755 582 851 616 ante
875 572 1228 616 constitutionem
1257 571 1471 618 mundi1?

105 638 184 684 llla
203 656 302 685 vero
320 641 363 684 in
391 657 523 685 unum
550 641 824 699 congregatio
848 640 1017 685 factura
1037 658 1106 686 eos
1130 652 1219 686 erat
1235 641 1345 687 filios
1374 642 1467 689 Dei.

107 709 257 771 Neque
281 710 395 754 enim
414 731 432 749 α
458 711 505 754 ln
527 727 659 755 unum
687 731 705 750 ›>
730 710 898 754 dictum
922 709 1181 773 estaliquem
1209 711 1476 773 corporalem

106 778 267 835 locum,
295 797 395 826 cum
429 781 482 826 de
523 781 596 826 tali
631 782 857 826 vocatione
885 781 1076 840 gentium
1113 781 1335 843 Propheta
1358 799 1478 844 prae-

105 849 291 904 dixerit3
319 852 410 896 «Et
438 851 682 897 adorabunt
720 869 817 897 eum
859 851 1154 914 unusquisque
1189 851 1242 896 de
1265 851 1361 896 loco
1401 868 1479 897 suo

107 941 127 961 >2
147 937 294 966 omnes
329 921 480 967 insulae
505 923 696 981 gentium
727 940 737 966 ς
770 921 843 966 sed
868 959 877 976 ‚
906 933 1182 981 congregaret
1201 923 1244 967 in
1285 938 1438 978 unum,
1459 944 1477 963 η

103 989 268 1035 dictum
290 1002 367 1044 est,
395 992 438 1036 in
460 1009 594 1036 unum
615 991 846 1054 Spiritum,
875 991 973 1036 etin
992 1008 1126 1036 unum
1149 1008 1327 1054 corpus,
1356 996 1480 1051 cujus

107 1076 241 1105 unum
258 1072 466 1123 caputest
493 1061 707 1108 Christus.
741 1062 857 1106 Talis
879 1062 1152 1120 congregatio
1177 1062 1481 1108 aedificatioest

104 1130 256 1193 templi
286 1131 377 1177 Dei.
401 1131 552 1176 Talem
571 1132 947 1191 congregationem
972 1148 1057 1176 non
1079 1131 1294 1190 generatio
1322 1149 1478 1177 carna-

105 1200 231 1255 nafis,
254 1201 326 1246 sed
347 1202 608 1260 regeneratio
623 1201 825 1264 spiritalis
838 1200 956 1248 facit.

170 1272 420 1318 XXXVIII.
446 1272 626 1317 Habitat
646 1273 791 1335 itaque
819 1273 860 1316 in
880 1272 1056 1332 singulis
1076 1274 1190 1316 Deus
1211 1282 1415 1334 tanquam
1433 1271 1477 1316 in

108 1341 278 1404 templis
300 1343 385 1387 suis
404 1380 414 1397 ‚
441 1355 482 1387 et
506 1343 550 1387 in
573 1343 778 1387 omnibus
821 1342 949 1387 simul
972 1342 1015 1387 in
1043 1358 1177 1387 unum
1215 1341 1481 1400 congregatis

107 1425 312 1477 tanquam
341 1415 386 1458 in
416 1414 577 1476 templo
600 1430 692 1460 suo.
727 1413 858 1469 Quod
890 1413 1099 1476 templum
1134 1412 1328 1475 quandiu
1368 1413 1480 1457 sicut

106 1501 206 1530 arca
226 1485 319 1530 Noe
334 1485 377 1529 in
393 1485 479 1530 hoc
495 1484 654 1529 saeculo
676 1485 874 1539 fluctuat,
891 1485 938 1529 fit
952 1483 1069 1546 quod
1088 1485 1131 1528 in
1148 1483 1319 1528 Psalmo
1341 1484 1478 1545 scrip-

108 1566 198 1600 tum
223 1566 284 1600 est
312 1572 321 1599 ε
369 1555 578 1599 Dominus
608 1555 821 1600 diluvium
860 1552 1122 1599 inhabitat2.
1147 1576 1166 1594 n
1192 1552 1403 1608 Quamvis
1435 1563 1477 1597 et

104 1636 284 1688 propter
310 1624 466 1670 multos
502 1625 544 1669 in
571 1625 772 1670 omnibus
803 1625 1002 1683 gentibus
1028 1623 1215 1686 populos
1252 1621 1471 1677 fidolium,

104 1713 213 1759 quos
239 1712 447 1758 aquarum
477 1695 650 1740 nomine
676 1694 959 1757 Apocalypsis
996 1695 1227 1753 significat.
1252 1692 1386 1754 possit
1406 1692 1477 1736 in-

107 1765 237 1825 telligi
262 1775 578 1824 congruenter:
601 1787 618 1805 «
636 1765 847 1809 Dominus
867 1764 1083 1809 diluvium
1105 1763 1340 1808 inhabitat.
1362 1782 1380 1802 »
1404 1761 1477 1806 Se-

105 1838 256 1900 quitur
295 1848 436 1882 autem
472 1858 492 1877 «
512 1837 567 1880 Et
591 1836 756 1881 sedebit
786 1836 995 1880 Dominus
1022 1852 1088 1879 rex
1119 1834 1162 1878 in
1185 1844 1426 1878 aeternum:
1453 1854 1471 1872 υ

105 1908 255 1970 utique
274 1908 316 1953 in
332 1909 427 1970 ipso
448 1906 610 1969 templo
624 1910 798 1964 suojam
819 1907 863 1951 in
884 1906 968 1950 vita
986 1916 1143 1950 aeterna
1168 1915 1262 1966 post
1282 1903 1474 1947 fluctua-

107 1979 265 2024 tionem
280 1978 410 2038 hujus
422 1977 570 2023 saeculi
584 1977 834 2022 constituto.
854 1976 965 2020 Deus
976 1975 1107 2034 igitur
1123 1973 1284 2035 ubique
1295 1988 1480 2035 praesens

105 2060 182 2103 est,
205 2060 246 2095 et
268 2050 429 2112 ubique
447 2059 560 2093 totus
579 2064 765 2111 praesens
787 2067 797 2098 ;
822 2063 899 2091 nec
920 2044 1316 2108 ubiquehabitans‚
1345 2042 1415 2087 sed
1435 2042 1479 2086 in

105 2119 269 2182 templo
292 2135 385 2174 suo,
406 2118 476 2163 cui
501 2135 577 2181 per
592 2117 770 2177 gratiam
791 2116 1003 2175 benignus
1016 2125 1130 2160 estet
1149 2114 1379 2176 propitius.
1401 2112 1482 2157 Ca-

104 2192 226 2253 pitur
249 2201 392 2234 autem
420 2189 625 2234 habitans
658 2188 713 2232 ab
743 2187 835 2232 aliis
853 2186 1057 2249 amplius,
1087 2185 1140 2229 ab
1162 2184 1251 2229 aliis
1275 2183 1431 2228 minus.

171 2259 375 2304 XXXIX.
420 2259 483 2303 De
507 2258 603 2321 ipso
627 2274 728 2303 vero
760 2257 902 2320 capite
940 2265 1085 2301 nostro
1125 2252 1356 2316 Apostolus
1383 2251 1442 2296 ait
1470 2269 1481 2295 ε

107 2330 259 2387 «Quia
283 2330 326 2375 in
344 2331 438 2392 ipso
459 2329 680 2374 inhabitat
709 2328 847 2372 omnis
874 2326 1102 2389 plenitudo
1125 2323 1366 2368 divinitatis
1389 2339 1486 2366 cor-

107 2424 127 2443 »
145 2400 353 2464 poraliter
375 2400 408 2445 3.
431 2422 449 2439 ›>
475 2399 573 2443 N'on
591 2399 687 2444 ideo
713 2397 1013 2461 corporaliter,
1043 2395 1144 2457 quia
1175 2409 1409 2456 corporeus
1426 2402 1488 2436 est

108 2473 240 2517 Deus,
259 2470 332 2515 sed
345 2481 419 2514 aut
438 2470 572 2514 verbo
597 2469 803 2514 translato
823 2484 922 2512 usus
936 2477 1013 2518 est,
1028 2477 1233 2527 tanquam
1260 2464 1303 2507 in
1321 2462 1485 2524 templo

109 2541 355 2587 manufacto
370 2541 769 2603 noncorporaliter,
789 2538 857 2583 scd
877 2536 1165 2582 umbratiliter
1186 2530 1483 2585 habitin-erist9

161 2626 168 2647 ¹
193 2624 308 2668 Eflltzs.
335 2636 365 2660 ῐ,
385 2631 413 2660 4,
436 2643 468 2647 ——
493 2622 606 2655 21’11‘.
630 2635 748 2659 κυκιῐ,
772 2620 1161 2656 10‘-'-·'C=1,·.-«.1=,‹·‚.
