1799 3251
550 261 764 290 epistota
802 262 894 291 ext.
1375 250 1433 310 39

57 326 220 371 ratione
241 326 312 372 sed
333 324 647 370 consuetudine
672 336 822 370 contra
853 325 1068 371 insolitam
1103 328 1324 373 veritatem
1360 327 1432 381 ,la-

58 405 258 442 trantem.
287 395 395 440 Haee
422 403 484 439 est
521 394 632 439 enim
670 411 828 440 eanum
860 405 1013 440 natura
1031 432 1042 450 ,
1070 405 1117 441 ut
1140 412 1241 441 eum
1270 398 1430 459 quibus

59 464 224 510 habent
242 463 600 510 consuetudinem
619 501 630 520 ‚
648 464 736 510 sive
753 464 814 510 illi
839 464 964 520 boni,
991 465 1077 511 sive
1096 465 1196 511 mali
1213 466 1298 511 sint
1316 503 1326 522 ‚
1344 484 1429 513 non

59 533 113 580 ad
130 550 200 579 eos
233 533 418 589 latrent3
451 533 725 579 insolitorum
760 545 900 580 autem
927 535 1121 598 personis
1148 536 1274 592 visis,
1303 536 1431 582 etiam

58 604 364 650 innocentibus
387 604 628 650 irritentur.
660 605 791 651 Manu
823 616 966 650 autem
1003 606 1141 659 canis,
1173 617 1431 669 potestatem

60 674 214 720 mundi
232 674 506 734 significavit.
531 677 668 735 Cujus
691 676 819 720 etiam
842 693 1045 735 regnum,
1073 674 1275 722 infestum
1307 676 1433 723 futu-

57 760 156 790 rum
179 745 353 807 corpori
371 760 447 789 suo
465 781 475 799 ‚
505 744 550 790 id
569 756 630 790 est
655 745 858 791 Ecclesiae
882 763 972 791 suae
1003 745 1138 791 leonis
1166 746 1338 791 nomine
1376 747 1433 792 fi·-

60 813 230 873 guravit
264 814 310 859 in
345 830 394 859 eo
421 813 540 876 quod
570 814 797 874 adjunxit:
822 815 1044 861 «Salvum
1083 832 1150 861 me
1180 815 1247 862 fac
1281 815 1335 862 de
1360 834 1433 862 ore

61 883 232 929 »leonis
250 883 284 928 1.
311 906 330 925 »
352 883 476 929 Unde
492 895 554 929 est
580 886 816 947 scriptum,
841 908 861 928 c<
882 886 1004 931 Nihil
1025 887 1200 932 interest
1217 887 1327 932 inter
1344 887 1432 932 mi-

61 976 82 996 »
99 972 174 1000 nas
207 955 316 1015 regis
345 966 386 1000 et
419 955 527 1000 iram
564 955 730 1001 leonis2
754 975 764 1002 2
789 980 808 998 ›>
843 974 1096 1020 quanquam
1125 968 1167 1002 et
1202 957 1430 1004 diabolum

62 1024 281 1088 apostolus
301 1026 454 1071 Petrus
470 1025 582 1071 leoni
602 1038 824 1089 comparet
844 1027 1029 1086 rugienti
1047 1038 1088 1071 et
1112 1028 1325 1090 quaerenti
1350 1029 1435 1073 cir-

61 1094 308 1140 cumeundo
351 1113 480 1159 quem
515 1096 691 1142 devoret
715 1098 746 1144 ³.
792 1098 1101 1161 Superbosque
1127 1098 1258 1157 hujus
1282 1098 1436 1144 mundi

64 1166 324 1212 Christianis
364 1167 609 1213 humilibus
646 1168 945 1214 adversaturos
980 1168 1235 1224 ostendens,
1280 1186 1433 1215 conse-

62 1247 246 1301 quenter
266 1236 373 1282 dicit
394 1255 404 1282 ε
430 1259 448 1278 <‹
472 1239 526 1282 Et
560 1257 581 1284 a
606 1240 814 1285 cornibus
840 1239 1116 1284 unicornium
1144 1239 1435 1285 humilitatem

65 1327 86 1349 ›>
105 1324 256 1354 meam.
284 1328 304 1349 >2
331 1307 433 1354 Ideo
460 1309 624 1372 quippe
659 1310 703 1354 in
740 1309 1025 1355 unicornibus
1061 1309 1239 1371 superbi
1274 1309 1438 1355 intelli-

65 1388 249 1438 guntur3
283 1378 384 1441 quia
420 1379 624 1442 superbia
647 1379 740 1425 odit
762 1381 1028 1425 consortium
1047 1416 1057 1434 ‚
1086 1390 1125 1424 et
1154 1390 1367 1442 quantum
1391 1379 1437 1425 in

66 1449 160 1513 ipso
179 1459 269 1504 est,
291 1449 406 1495 solus
433 1450 558 1513 cupit
579 1451 764 1496 eminere
782 1452 921 1497 omnis
944 1451 1172 1514 superbus.

132 1520 298 1566 XLIII.
341 1519 438 1564 Jam
472 1537 589 1565 nunc
615 1520 789 1566 attende
825 1521 901 1566 ubi
939 1522 992 1566 sit
1015 1520 1210 1575 fructus,
1232 1520 1298 1566 vel
1320 1519 1438 1584 quod

68 1589 298 1635 derelictus
322 1600 404 1644 est,
429 1607 482 1653 ne
502 1590 776 1636 exaudiretur
800 1608 880 1654 pro
901 1602 1067 1636 terrena
1092 1590 1322 1645 felicitate‚
1352 1607 1438 1636 non

69 1658 124 1705 ad
147 1659 435 1722 insipientiam
454 1697 464 1716 ,
490 1660 561 1705 sed
586 1671 631 1706 ut
651 1678 897 1723 saperemus
914 1661 991 1724 qui
1015 1660 1116 1705 novi
1136 1660 1272 1719 gratia
1298 1661 1440 1705 Testa·

68 1729 203 1776 menti
222 1730 462 1776 desiderare
485 1730 721 1777 debeamus
742 1749 752 1776 :
779 1731 844 1777 vel
865 1731 984 1793 quod
1005 1748 1086 1775 non
1103 1740 1163 1776 est
1186 1730 1436 1785 derelictus,

69 1800 143 1846 sed
165 1799 387 1846 exauditus
410 1801 454 1846 in
476 1818 524 1846 eo
549 1801 666 1864 quod
701 1803 759 1846 ait
779 1819 789 1846 :
819 1823 838 1842 «
863 1803 924 1846 Ne
944 1801 1138 1846 discedas
1159 1820 1181 1846 a
1206 1818 1295 1855 me,
1322 1822 1342 1842 »
1366 1800 1442 1863 qui

71 1870 260 1925 dixerat,
284 1892 304 1912 α
324 1871 471 1927 Quare
494 1888 558 1915 me
587 1871 854 1933 dereliquisti
876 1889 885 1915 z
910 1892 929 1911 ›>
952 1870 1072 1934 quod
1100 1871 1249 1933 utique
1268 1881 1442 1916 contra-

71 1941 183 1987 rium
209 1951 295 1997 est,
328 1941 408 1987 nisi
440 1941 549 1987 illud
582 1941 635 1986 ad
669 1941 816 1997 aliud,
851 1941 938 1986 hoc
973 1940 1027 1985 ad
1059 1940 1177 1986 aliud
1216 1940 1436 1988 referatur.

75 2010 260 2057 Attende
287 2022 329 2057 et
356 2010 457 2057 audi
484 2022 698 2075 quantum
732 2011 872 2074 sapis,
907 2010 1033 2056 hauri
1055 2021 1268 2073 quantum
1293 2011 1439 2075 capisq

73 2092 373 2146 quantumque
395 2083 487 2146 ipse
506 2099 595 2128 rem
618 2092 783 2127 tantam
801 2082 944 2145 eloqui
963 2082 1101 2137 valeo,
1123 2081 1210 2126 imo
1229 2093 1443 2145 quantum

75 2152 231 2198 tribuit
254 2152 348 2208 ille,
379 2153 458 2218 qui
493 2170 570 2199 nos
611 2152 805 2210 exaudit,
829 2153 933 2198 etin
959 2151 1135 2198 Christo
1162 2152 1206 2197 in
1234 2163 1449 2215 quantum

74 2223 210 2269 homo
241 2222 452 2269 mediator
474 2235 535 2269 est
555 2224 667 2269 inter
697 2241 774 2269 nos
797 2234 839 2269 et
865 2223 1054 2278 Deum&
1079 2233 1120 2268 et
1143 2239 1244 2268 cum
1271 2222 1448 2269 Christo

76 2295 121 2340 in
167 2303 381 2357 quantum
421 2295 535 2339 Deus
553 2294 730 2357 aequalis
757 2295 871 2350 Deo,
897 2304 938 2338 et
966 2295 1158 2339 «Potens
1189 2304 1251 2338 est
1278 2293 1443 2347 facere,

79 2374 166 2409 »ut
190 2364 249 2409 ait
277 2364 539 2426 Apostolus,
575 2381 707 2427 supra
739 2381 870 2427 quam
904 2366 1093 2427 petimus
1134 2374 1208 2418 aut
1242 2363 1451 2425 intelligi-

80 2455 101 2476 »
118 2434 243 2479 mus⁵
266 2453 276 2479 z
296 2455 316 2475 ›>
335 2434 433 2480 vide
456 2435 501 2480 in
522 2435 608 2480 hoc
627 2434 797 2481 Psalmo
819 2434 1080 2480 Testamenti
1101 2434 1213 2480 Novi
1238 2435 1417 2495 gratiam
1435 2472 1447 2492 ,

63 2568 66 2570 ,
131 2534 141 2556 ¹
159 2533 244 2565 Psal.
265 2544 331 2570 xxx,
349 2546 402 2565 22.
418 2552 460 2559 —
477 2532 493 2556 ²
508 2537 600 2566 Prov.
615 2545 682 2573 xix,
701 2545 752 2566 12.
766 2552 806 2558 —
823 2532 836 2557 ³
858 2547 870 2567 ι
889 2537 974 2567 Petr.
992 2545 1020 2572 v,
1038 2535 1068 2567 8.
1082 2549 1126 2557 -—-
1140 2527 1154 2551 ⁴
1177 2545 1188 2564 1
1210 2533 1293 2566 Tim.
1309 2546 1346 2572 11,
1364 2537 1395 2566 5.
1409 2552 1453 2561 --

82 2588 96 2612 ⁵
112 2588 228 2632 EpheS.
247 2599 324 2631 xm,
341 2600 396 2623 20.
