1799 3251
319 304 409 351 538
822 317 1180 350 ANNOTATIONES.

312 385 390 432 lib.
416 384 470 431 de
495 383 584 431 div.
605 383 704 431 lect.
732 400 769 430 c.
808 384 875 430 16.
902 383 959 429 ait
981 400 1090 447 opus
1110 381 1227 429 istud
1245 382 1456 446 scriptum
1482 381 1613 428 fuisse
1636 379 1689 428 ad

313 457 590 504 Honoratum
613 457 936 521 presbyterum.

691 614 948 645 ΑΝΝΟΤΑΤΙΟ
987 596 1056 661 (4)
1092 614 1192 661 pag.
1236 597 1311 644 65.

379 736 558 781 Erasmo
600 733 835 780 videbatur
871 730 1128 792 legendum,
1156 741 1425 777 crassescat.
1470 729 1554 776 Sed
1588 729 1693 776 libri

315 826 462 854 omnes
483 808 667 863 babent,
687 817 886 859 crescat}
906 815 994 868 quo
1023 805 1157 850 verbo
1177 804 1332 849 alludit
1357 804 1620 864 Augustinus
1639 802 1693 848 ad

315 882 424 928 illud
441 881 741 945 proverbium,
766 878 884 942 quod
909 878 1037 923 refert
1058 878 1255 941 superius
1278 878 1323 922 in
1348 878 1472 941 epist.
1500 878 1575 924 33.
1600 894 1643 923 n.
1665 877 1691 922 3

315 952 617 1010 Delzomilze,
654 954 729 1009 ait,
766 970 910 1016 quem
931 952 1085 1010 scelsoe
1107 946 1346 996 blanditia:
1349 948 1546 1009 fitciwlt
1560 967 1692 995 arro-

310 1039 522 1089 gantem,
545 1037 664 1073 recte
689 1027 830 1070 etism
850 1025 993 1087 vulgo
1010 1023 1204 1070 (licitum
1235 1026 1385 1069 Crevit
1403 1034 1560 1087 capul.

698 1181 955 1213 ANNorArlo
993 1165 1062 1229 (5)
1098 1182 1199 1229 pag.
1243 1166 1317 1228 76.

378 1307 563 1352 Aureliz'
576 1323 730 1352 nomen
750 1307 825 1352 hic
843 1307 1050 1353 exhibent
1084 1306 1293 1371 Epistolae
1310 1306 1444 1366 hujus
1475 1305 1695 1369 exempla-

314 1380 389 1426 ria.
405 1382 460 1426 At
478 1380 620 1443 ipsum
633 1381 842 1426 omittunt
855 1380 1025 1426 codices
1040 1398 1187 1426 omnes
1206 1381 1250 1426 in
1272 1378 1351 1426 lib.
1377 1397 1417 1426 2.
1437 1381 1629 1427 Retract.
1649 1398 1687 1428 c.

315 1455 392 1510 lio,
419 1454 496 1499 ubi
523 1454 640 1500 hanc
658 1454 852 1500 eamdem
881 1455 1123 1518 Epistolam
1140 1473 1161 1500 a
1181 1472 1223 1500 se
1245 1455 1454 1517 scriptam
1472 1471 1695 1514 recognos-

310 1527 370 1572 cit
396 1528 680 1587 Augustinus,
701 1527 802 1573 licet
832 1545 920 1573 non
946 1529 1119 1574 missam
1142 1528 1315 1591 privato
1334 1527 1470 1590 ipsius
1492 1527 1691 1582 nomine3

318 1603 447 1660 Quia
462 1637 473 1656 ‚
497 1603 665 1663 inquit,
687 1603 735 1646 in
762 1602 961 1646 concilio
990 1602 1233 1647 Numidiae
1252 1601 1486 1657 omnibus,
1529 1605 1615 1664 qui
1633 1600 1698 1646 ibi

310 1690 516 1731 erasnm,
543 1674 633 1720 lzoc
649 1675 980 1737 sien'plcccuc't,
1010 1685 1056 1719 ut
1080 1673 1244 1719 scilicet
1267 1674 1471 1736 perbrevi
1495 1673 1691 1737 Epistola

312 1746 570 1793 docerentur
611 1747 851 1793 Donatistae
887 1747 995 1810 quid
1019 1748 1064 1793 in
1100 1746 1431 1806 Carthaginensi
1464 1741 1695 1792 collatione

313 1831 479 1879 gestum
498 1821 568 1878 sit,
595 1838 649 1866 ne
690 1839 713 1866 a
750 1823 835 1867 suis
854 1822 1049 1884 ipsorum
1069 1819 1284 1883 episcopis
1306 1837 1396 1865 rem
1420 1816 1543 1865 aliter
1564 1830 1696 1882 atque

312 1892 527 1938 habuerat
546 1894 825 1940 narrantibus
843 1931 854 1950 ‚
879 1893 1190 1940 seducerentur
1210 1893 1403 1939 ulterius.

744 2051 1000 2082 ΑΝΝΟΤΑΤΙΟ
1038 2035 1106 2098 (6)
1143 2029 1253 2081 ibid.

374 2173 481 2223 Lov.
501 2176 558 2222 (le
575 2177 772 2222 concilio
793 2175 830 2223 C
835 2179 1005 2223 ἱνα-πεί.
1033 2175 1218 2221 Codices
1247 2175 1335 2221 duo
1358 2169 1557 2219 Vaticani
1578 2175 1694 2219 Xer·-

311 2255 448 2296 sensi.
481 2252 536 2296 At
561 2250 631 2295 alii
650 2268 788 2314 prope
811 2267 958 2296 omnes
978 2250 1105 2295 MSS.
1138 2266 1308 2294 necnon
1329 2248 1433 2293 editi
1453 2246 1560 2292 Bud.
1591 2247 1687 2292 Am.

308 2335 348 2370 et
371 2325 446 2369 Er.
475 2324 668 2380 habent,
708 2318 768 2369 cle
801 2317 997 2369 ἐοηείῖίο
1032 2325 1428 2385 Ze1¹tetzsz':quam
1462 2319 1692 2364 lectionem

310 2396 544 2460 probatam
570 2397 849 2457 intelligimus
876 2397 981 2442 viris
1001 2395 1268 2459 quibusdam
1296 2392 1495 2448 eruditis,
1522 2391 1597 2455 qui
1625 2390 1691 2436 ci-

309 2470 487 2515 vitatem
514 2470 641 2515 aliam
684 2471 730 2516 in
763 2469 971 2516 Numidia
1009 2470 1245 2514 Cirtensem
1279 2479 1381 2531 quae'
1406 2465 1691 2512 Constantina

305 2543 561 2598 vocabatum
607 2548 648 2588 et
685 2544 811 2589 aliani
837 2545 1082 2588 Zerteusem
1107 2542 1234 2586 fuisse
1253 2540 1464 2598 coliigunt
1483 2555 1525 2582 ex
1559 2537 1691 2582 colla-

305 2615 422 2661 tione
448 2614 809 2677 Carthaginensi,
844 2617 919 2663 ubi
943 2625 1103 2680 praeter
1133 2613 1538 2661 Constantinensem
1571 2610 1690 2674 epis-
