1799 3251
561 278 773 310 EPISTOLA
809 279 972 312 cxtvn.
1383 265 1463 314 151

103 367 122 394 η
144 361 294 400 eorum,
315 346 505 407 positum
536 344 644 390 est1.
676 366 697 387 2>
721 345 791 390 lbi
808 356 870 390 est
888 345 1020 405 igitur
1049 345 1177 391 facies
1195 382 1208 401 ,
1236 363 1322 409 qua
1344 363 1468 392 reve·-

100 415 186 462 lata
211 416 392 461 nuncin
410 415 519 471 fide,
547 415 744 478 quamvis
764 432 842 477 per
861 415 1085 477 speculum
1111 426 1152 461 et
1174 415 1217 460 in
1243 416 1470 475 aenigmate

99 497 384 535 contuemur:
413 496 517 532 tunc
542 496 681 531 antem
708 485 817 531 facie
839 485 892 530 ad
918 486 1087 532 faeiem.

162 559 245 604 LII
273 559 384 615 Quae
401 559 432 605 si
455 559 691 622 approbas,
718 568 814 604 tene
833 575 1001 604 mecum
1026 560 1163 605 sancti
1186 560 1267 604 viri
1288 560 1474 606 Ambro*

98 628 148 676 sii
168 631 438 685 sententiam,
460 633 553 689 jam
572 646 658 675 non
675 633 765 689 ejus
783 630 1056 684 auctoritate,
1087 629 1160 674 sed
1188 630 1280 692 ipsa
1294 631 1473 677 veritate

98 699 327 746 firmatam.
364 701 511 763 Neque
539 700 652 745 enim
686 710 728 745 et
758 699 868 745 mihi
898 710 1130 762 propterea
1171 699 1331 761 placet,
1366 700 1474 764 quia

99 786 176 832 per
193 769 308 815 illius
326 787 372 815 os
391 764 666 833 potissimum
688 787 756 815 me
778 770 990 815 Dominus
1011 770 1066 814 ab
1085 786 1226 814 errore
1250 769 1471 827 liberavit,

97 850 140 885 et
162 857 239 903 per
260 840 375 886 itlius
396 841 677 886 ministerium
703 841 882 900 gratiam
908 841 1015 885 mihi
1041 841 1251 903 baptismi
1275 839 1476 887 salutaris

98 909 294 966 indulsit,
322 921 525 973 tanquam
546 910 781 974 plantatori
803 921 845 955 et
866 910 1048 976 rigatori.
1074 927 1169 956 meo
1199 910 1384 956 nimium
1414 910 1480 956 fa-

101 996 225 1025 veam
247 997 257 1025 z
282 980 354 1026 sed
379 981 481 1044 quia
502 980 657 1026 dehac
681 997 727 1026 re
746 991 786 1026 et
806 981 898 1044 ipse
916 981 1003 1025 hoc
1027 980 1150 1034 dixit,
1171 980 1289 1044 quod
1313 981 1384 1043 pie
1407 998 1486 1027 co-

98 1049 251 1110 girami
270 1061 310 1096 et
329 1061 443 1096 recte
462 1050 718 1110 intelligenti
736 1050 933 1113 loquitur
962 1051 1091 1095 etiam
1114 1051 1185 1095 ilie
1205 1088 1214 1103 ‚
1235 1051 1311 1114 qui
1334 1050 1477 1096 inere-

97 1131 291 1168 mentum
303 1121 377 1168 dat
392 1124 507 1167 Deus
522 1122 554 1168 2.
584 1123 657 1184 [ln
678 1122 771 1185 ipsa
791 1139 889 1181 ergo
910 1121 1219 1167 resurrectione
1244 1138 1331 1166 non
1350 1120 1479 1168 facile

96 1201 158 1237 est
182 1192 321 1238 Deum
344 1192 507 1247 videre,
526 1192 607 1237 nisi
628 1192 680 1237 iis
700 1192 776 1254 qui
800 1191 931 1237 corde
951 1191 1036 1236 sint
1056 1191 1234 1237 mundo.
1266 1191 1318 1235 Et
1340 1190 1438 1236 ideo
1462 1208 1474 1235 z

97 1281 121 1302 <e
138 1262 438 1308 Beatimundo
457 1262 605 1318 corde,
622 1262 706 1326 ipsi
719 1262 833 1308 enim
854 1263 994 1307 Deum
1009 1261 1270 1308 videbunt
1291 1282 1311 1302 >³
1333 1262 1483 1317 Quan-

99 1341 167 1377 tos
186 1332 335 1378 beatos
353 1337 446 1392 jam
470 1343 797 1389 numeraverat,
825 1344 864 1378 ct
895 1343 1041 1377 tamen
1066 1331 1246 1377 videndi
1268 1331 1318 1377 iis
1337 1333 1481 1378 Deum

98 1419 188 1449 non
227 1404 484 1467 promiserat
502 1403 769 1449 facultatem,
802 1403 844 1447 Si
868 1420 967 1462 ergo
995 1402 1042 1457 ii‚
1068 1403 1145 1465 qui
1170 1401 1337 1447 mundo
1380 1412 1482 1448 sunt

98 1473 245 1530 corde,
271 1475 411 1525 Deum
436 1474 673 1529 videbunt,
698 1474 848 1537 utique
874 1473 946 1518 atii
973 1490 1058 1518 non
1079 1472 1308 1519 videbunt.
1330 1473 1481 1536 Neque

98 1545 214 1591 enim
236 1546 404 1606 indigni
430 1547 570 1591 Deum
586 1545 818 1601 videbunt,
844 1561 984 1608 neque
1002 1544 1053 1597 is,
1079 1544 1154 1607 qui
1179 1545 1317 1589 Deum
1334 1543 1479 1589 videre

98 1615 300 1673 noluerit,
327 1627 468 1679 potest
493 1633 592 1661 eum
615 1616 776 1661 videre.
831 1616 921 1660 Nee
946 1616 991 1659 in
1014 1613 1112 1659 loco
1154 1614 1270 1658 Deus
1290 1613 1481 1669 videtur,

97 1685 174 1731 sed
195 1686 360 1732 mundo
384 1686 515 1732 corde
537 1703 548 1731 z
572 1701 650 1731 nec
674 1685 981 1748 corporalibus
1002 1683 1139 1729 oculis
1172 1686 1289 1729 Deus
1310 1684 1479 1747 quaeri-

100 1767 198 1810 tnr;
215 1774 290 1802 nee
312 1757 690 1803 circumscribitur
710 1756 824 1811 visu,
852 1772 931 1801 nec
954 1765 1075 1800 tactu
1093 1764 1279 1809 tenetur,
1302 1771 1385 1800 nec
1403 1771 1481 1800 au-

98 1825 220 1873 ditur
232 1827 381 1882 affatu,
406 1844 484 1872 nec
503 1826 685 1872 sentitur
698 1827 866 1871 incessu
892 1843 902 1870 ε
924 1835 964 1870 et
987 1841 1088 1869 cum
1103 1824 1256 1869 absens
1273 1834 1476 1887 putatur,

97 1897 292 1950 videtum
315 1908 356 1943 et·
379 1914 480 1943 cum
504 1913 694 1960 praesens
728 1907 808 1951 est,
848 1913 936 1941 non
961 1895 1151 1940 videtur.
1183 1895 1380 1959 Denique
1398 1912 1477 1942 nec

100 1967 460 2030 Apostoli-onmes
482 1967 708 2013 Christum
748 1966 977 2020 videbant,
1003 1975 1044 2010 et
1059 1964 1156 2010 ideo
1172 1964 1231 2010 ait
1252 1982 1262 2009 ε
1287 1986 1307 2006 c<
1329 1966 1472 2011 Tanto

99 2058 120 2080 »
134 2047 325 2101 tempore
335 2037 562 2083 vobiscum
578 2054 687 2093 sum,
707 2047 748 2082 et
770 2036 917 2081 adhue
939 2052 1103 2081 menon
1120 2034 1438 2094 cognovistis&
1457 2057 1478 2077 »

99 2107 189 2164 Qui
212 2109 328 2154 enim
352 2108 557 2168 cognovit
580 2124 680 2171 quae
705 2107 759 2152 sit
777 2106 984 2161 latitudo„
1010 2116 1052 2151 et
1072 2105 1320 2165 longitudo,
1344 2116 1387 2150 et
1411 2104 1477 2151 al-

100 2178 258 2232 titudo,
280 2189 322 2223 et
337 2178 625 2241 profundum,
645 2188 687 2223 et
711 2178 1099 2239 supereminentem
1118 2176 1310 2221 scientiae
1329 2175 1481 2222 chari-

100 2258 233 2294 tatem
262 2249 450 2305 Christi,
466 2248 578 2293 vidit
599 2258 642 2293 et
668 2248 916 2302 Christum,
945 2247 1056 2292 vidit
1078 2258 1119 2291 et
1139 2248 1311 2291 Patrem
1326 2246 1361 2293 ε’.
1391 2247 1480 2292 Nos

98 2318 211 2365 enim
227 2322 316 2378 jam
333 2318 572 2364 seeundum
597 2335 770 2364 carnem
800 2335 887 2363 nou
910 2318 1111 2363 novimus
1128 2316 1374 2372 Christum,
1404 2316 1481 2362 sed

98 2389 337 2436 secundum
360 2389 577 2453 spiritum.
601 2389 791 2452 Spiritus
814 2389 928 2433 enim
958 2398 1055 2433 ante
1090 2387 1245 2433 faciem
1288 2397 1483 2434 nostram

99 2459 300 2507 Christus
326 2461 558 2517 Dominus,
582 2461 659 2524 qui
684 2477 760 2507 nos
783 2459 827 2508 in
854 2476 1026 2505 omnem
1053 2457 1374 2523 plenitudinem
1406 2458 1482 2504 Dei

147 2562 195 2592 ¹⁵2
212 2563 284 2593 Cor.
302 2573 357 2598 ιιι,
378 2563 431 2595 15.
451 2581 493 2587 —-
510 2561 527 2585 2
549 2574 560 2594 t
577 2565 652 2596 Cor.
675 2574 728 2604 111,
750 2575 779 2602 7.
805 2582 843 2587 —-
873 2561 886 2585 3
909 2562 1025 2596 Manli,
1045 2573 1074 2600 v,
1092 2565 1124 2596 8,
1145 2580 1188 2585 —
1207 2559 1220 2583 ⁴
1240 2564 1334 2595 Joan.
1357 2572 1426 2599 xxv,
1444 2571 1478 2602 9.

99 2634 146 2641 —
161 2615 176 2640 ⁵
193 2630 210 2650 2
226 2620 301 2650 Cor.
319 2630 350 2657 v,
371 2619 422 2649 16.
