1799 3251
601 297 810 328 Ei‘isTOLA
849 299 981 330 Ctxu.
1380 296 1469 346 297

107 364 192 421 vel,
220 365 301 411 nisi
321 363 463 419 fallor,
487 363 677 416 fuerunt,
701 364 799 426 quia
821 381 866 409 ea
896 363 1072 410 fortasse
1095 364 1256 410 oblitus
1280 381 1341 419 es,
1371 381 1473 427 quae

103 447 144 482 te
168 436 417 483 conferente
447 452 615 481 mecum
639 452 687 480 ac
711 435 1023 481 sermocinante
1054 435 1292 499 conscripsi
1320 451 1331 480 ε
1373 435 1473 480 Sive

102 509 160 553 de
178 511 375 552 Anima?
393 509 670 570 quantitate,
687 506 776 551 sive
790 507 848 550 cle
863 506 1027 552 Libero
1048 508 1258 560 arbitrc'03
1283 507 1474 552 invenies

101 577 219 623 unde
239 577 463 631 dissolvas,
484 577 612 623 etiam
642 577 732 622 sine
754 593 841 621 mea
863 594 1011 639 opera,
1040 577 1335 623 dubitationes
1357 588 1468 632 tuas,

102 646 304 694 adhibito
327 647 491 693 scilicet
508 646 718 692 nonnullo
737 646 886 691 labore.
904 648 1192 706 cogitationis,
1221 658 1270 693 ut
1286 648 1353 699 iis,
1375 664 1476 711 quae

98 717 162 763 ibi
202 716 256 762 ad
289 716 557 763 intellectum
588 716 803 780 liquidum
847 728 1100 781 certumque
1123 717 1333 780 perducta
1355 728 1472 773 sunt,

99 788 404 852 consequentia
437 798 682 832 nectantur.
720 788 865 833 Habes
890 788 1018 832 etiam
1057 788 1219 833 librum
1266 792 1336 833 De
1361 805 1476 832 vera

97 859 323 920 religione
341 875 470 921 quem
497 858 530 902 si
552 857 759 903 recoleres
780 869 910 920 atque
943 859 1224 921 perspiceres,
1249 875 1474 922 nunquam

99 928 182 974 tibi
199 928 431 984 videretur,
460 927 625 973 ratione
651 928 746 987 cogi
772 929 909 973 Deum
932 945 1035 983 esse,
1065 929 1128 974 vel
1170 927 1474 974 ratiocinando

98 998 207 1043 effici
237 998 374 1044 Deum
407 1015 493 1043 6556
516 997 685 1043 debere.
714 998 1083 1062 Quandoquidem
1118 999 1161 1044 in
1190 999 1354 1044 ratione
1389 1015 1475 1044 nu-

97 1085 335 1125 merorum,
365 1086 496 1132 quam
525 1079 639 1114 certe
660 1069 704 1114 in
723 1086 800 1115 usu
815 1070 1074 1133 quotidiano
1093 1070 1324 1125 habemus,
1353 1070 1384 1115 si
1402 1069 1473 1114 di-

98 1139 253 1195 cimus,
277 1140 450 1203 Septem
471 1149 511 1184 et
535 1139 614 1184 tria
632 1138 777 1185 decem
803 1157 888 1185 esse
913 1141 1092 1197 debent,
1118 1141 1260 1186 minus
1280 1139 1476 1186 conside-

97 1220 188 1256 rate
223 1209 476 1274 loquimur3
503 1227 590 1255 non
612 1210 723 1255 enim
751 1210 897 1256 decem
920 1229 1005 1256 6556
1020 1211 1198 1267 debent,
1228 1210 1299 1256 scd
1325 1210 1472 1255 decem

98 1291 212 1328 sunt.
243 1282 307 1326 De
331 1282 492 1344 quibus
534 1281 680 1344 itaque
711 1282 837 1327 rebus
880 1293 994 1328 recte
1025 1282 1216 1337 dicatur,
1250 1280 1368 1345 quod
1387 1297 1474 1326 esse

97 1349 297 1406 debeant,
311 1351 500 1410 sivejam
520 1351 622 1406 siut,
640 1351 726 1395 sive
753 1361 797 1396 ut
823 1351 922 1406 sint,
938 1352 1036 1397 satis
1049 1362 1260 1414 quantum
1281 1351 1472 1396 arbitror

97 1419 415 1484 disputavimus
442 1421 487 1466 in
519 1420 577 1466 eis
605 1420 729 1466 libris
749 1458 758 1476 ‚
801 1438 909 1484 quos
949 1422 1299 1467 commemoravi.
1330 1420 1473 1465 Homo

97 1491 210 1536 enim
229 1491 398 1555 sapiens
412 1509 497 1537 esse
512 1490 658 1547 debet,
682 1492 717 1536 si
740 1501 818 1547 est,
845 1503 893 1537 ut
913 1503 1083 1538 maneat
1101 1512 1112 1546 ς
1129 1493 1161 1538 51
1177 1492 1370 1538 11011(111111
1391 1501 1468 1546 est,

97 1571 146 1606 ut
166 1562 242 1606 fiat
264 1579 274 1607 z
307 1563 422 1607 Deus
448 1573 590 1607 autem
613 1562 782 1624 sapiens
802 1579 887 1607 non
915 1580 1001 1608 esse
1023 1562 1169 1617 dehet,
1199 1562 1270 1609 sed
1295 1572 1369 1609 est.

161 1631 245 1678 lll.
271 1649 446 1696 quoque
465 1633 518 1677 de
547 1632 645 1677 visis
670 1670 679 1684 ,
708 1649 808 1694 quae
836 1633 914 1678 tibi
951 1634 1198 1696 nuperrime
1223 1632 1392 1695 scripsi,
1432 1642 1474 1677 et

101 1718 148 1747 ea
165 1719 476 1749 commemoras
489 1703 705 1748 subtiliter
720 1703 854 1758 dicta,
870 1704 943 1749 sed
964 1705 1200 1764 majoribus
1220 1715 1258 1749 te
1271 1703 1473 1767 quaestio-

96 1771 226 1817 nibus
258 1772 517 1835 implicasse,
551 1789 722 1818 recense
762 1774 888 1818 etiam
919 1785 1047 1837 atque
1072 1776 1218 1828 etiam,
1246 1785 1288 1820 et
1329 1773 1471 1833 cogita

97 1841 363 1902 diligentius,
387 1860 466 1889 nec
478 1854 765 1906 pertranseat.
790 1844 862 1889 sed
888 1844 1059 1890 habitet
1076 1846 1118 1890 in
1147 1845 1204 1891 eis
1222 1844 1473 1890 considera-

97 1913 158 1958 tio
186 1923 282 1968 tua3
305 1924 345 1959 et
368 1913 469 1959 inde
484 1913 662 1959 fortasse
678 1925 917 1978 utcumque
939 1916 1146 1975 conjcies,
1173 1914 1398 1978 quomodo
1420 1914 1475 1959 sit

99 1983 241 2029 anima
266 2001 458 2047 praesens
481 1983 549 2030 vel
570 1984 738 2031 absens.
770 1986 817 2029 ln
840 1985 897 2029 eis
914 1986 1081 2048 quippe
1105 1986 1203 2031 visis
1230 1985 1480 2031 demoratur

95 2053 139 2099 in
159 2054 335 2110 somnis,
355 2071 456 2100 cum
474 2055 591 2099 abest
606 2073 627 2099 a
642 2072 766 2100 sensu
789 2056 1105 2119 praesentiaque
1121 2055 1324 2101 cernendi
1341 2072 1473 2119 quam

96 2124 269 2187 praebet
304 2124 441 2170 oculis
471 2124 682 2184 vigilans:
710 2125 828 2170 hanc
852 2136 994 2171 autem
1020 2127 1076 2172 ab
1104 2126 1259 2181 oculis,
1300 2126 1388 2171 1106
1415 2136 1475 2171 est

95 2205 306 2257 tanquam
326 2212 350 2239 a
372 2194 661 2240 luminaribus
685 2196 883 2259 corporis
909 2198 1064 2242 animae
1094 2197 1351 2247 absentiam,
1374 2214 1474 2260 quae

94 2264 145 2309 fit
161 2280 264 2310 cum
288 2264 547 2319 dormimus,
572 2265 606 2310 si
629 2265 693 2311 vis
718 2270 858 2326 major
888 2278 1058 2326 augeat,
1102 2278 1148 2313 ut
1182 2277 1322 2313 totum
1354 2267 1472 2330 quod

97 2345 158 2380 est
196 2333 297 2380 inde
331 2334 635 2390 subtrahatur,
681 2353 794 2382 mors
830 2348 905 2384 est.
942 2339 1066 2383 Sicut
1088 2355 1188 2398 ergo
1214 2356 1236 2383 a
1269 2337 1475 2383 cernendi

98 2420 223 2450 sensu
247 2404 302 2450 ad
317 2405 405 2451 visa
420 2405 706 2461 somniorum,
732 2424 819 2452 non
838 2425 939 2454 cum
955 2408 1098 2471 aliquo
1114 2425 1296 2471 corpore
1320 2408 1474 2453 absce-

96 2474 180 2530 dit,
203 2475 286 2521 nisi
308 2475 418 2521 forte
437 2475 511 2521 illa
531 2492 632 2539 quae
657 2476 862 2523 videntur
880 2479 924 2524 in
940 2479 1100 2524 somnis
1125 2496 1352 2541 corporea,
1379 2496 1474 2524 nos-

98 2562 184 2608 que
206 2545 322 2609 ipsos
340 2545 452 2591 inter
474 2545 565 2602 illa,
589 2546 674 2592 hac
707 2559 838 2612 atque
865 2549 965 2594 illac
997 2549 1098 2594 ferri
1118 2566 1167 2594 ac
1200 2548 1347 2594 referri
1372 2565 1475 2593 cum

100 2614 247 2679 aliquo
268 2632 453 2679 corpore
471 2615 808 2666 existimabimus
822 2639 832 2674 ;
847 2618 965 2682 quod
975 2623 1066 2679 jam
1084 2620 1163 2665 tibi
1184 2619 1370 2665 arbitror
1388 2635 1474 2664 non
