1799 3251
313 269 408 327 [468
718 285 752 313 s.
797 282 1039 313 Aueusrml
1073 281 1276 313 EPlscom

308 352 392 397 sint
430 349 543 396 inter
561 366 603 395 se
627 349 843 395 contraria
859 366 959 413 quae
982 348 1237 413 loquuntur.
1269 347 1359 411 Ipsi
1377 357 1492 393 certe
1509 345 1681 403 dicunt,

312 433 354 469 et
399 419 727 467 invidiosissime
766 420 849 466 sibi
890 421 1098 484 conqueri
1135 418 1355 475 videntur,
1385 417 1503 482 quod
1538 435 1609 463 eos
1642 417 1686 463 in

309 503 498 538 nostram
525 490 878 537 communionem
901 490 1093 538 violento
1115 490 1259 550 legum
1284 490 1465 553 imperio
1486 499 1688 535 coarcta-

314 580 421 609 mus.
446 562 542 608 Hoc
563 561 712 624 utique
734 560 855 606 nullo
871 560 1000 606 modo
1018 561 1273 616 faceremus,
1292 559 1325 605 si
1339 577 1402 605 res
1415 577 1565 605 eorum
1590 575 1690 622 pos-

310 632 446 678 sidere
480 631 700 678 vellemus,
743 631 853 687 Quis
887 648 1041 677 avarus
1078 631 1238 695 quaerit
1270 632 1689 693 compossessorem?

312 703 422 760 Quis
436 700 693 747 dominandi
713 701 955 764 cupiditate
976 701 1291 756 inflammatus,
1314 700 1381 746 vel
1404 699 1517 746 fastu
1544 699 1691 746 domi-

315 773 500 818 nationis
523 772 658 817 elatus
686 771 897 817 desiderat
921 772 1083 817 habere
1118 775 1398 818 consortem?
1433 773 1555 835 Ipsos
1579 780 1693 816 certe

312 843 534 890 attendant
563 843 785 907 quondam
810 860 907 889 suos
925 847 1018 903 jam
1056 855 1225 890 nostros
1256 843 1394 889 socios
1418 854 1459 889 et
1503 843 1692 889 fraterna

311 915 435 960 nobis
451 913 683 959 dilectione
704 917 979 973 conjunctos,
1005 914 1378 977 quemadmodum
1406 931 1481 960 sua
1500 923 1690 967 teneant,

318 1004 402 1031 non
427 984 567 1030 solum
583 1001 684 1048 quae
711 985 957 1040 habebant,
978 984 1050 1030 sed
1075 985 1203 1031 etiam
1222 995 1366 1030 nostra
1394 1001 1495 1048 quae
1510 1002 1598 1030 non
1619 983 1696 1028 ha-

312 1057 491 1101 bebant.
512 1056 624 1111 Quae
641 1065 802 1109 tamen,
824 1056 858 1100 si
875 1072 1123 1118 pauperum
1145 1072 1459 1119 compauperes
1471 1071 1636 1109 sumus,
1656 1063 1696 1098 et

313 1137 456 1172 nostra
477 1135 578 1170 sunt
608 1135 649 1170 et
687 1124 900 1170 illorum:
925 1125 958 1170 si
997 1136 1140 1170 autem
1177 1125 1405 1188 privatim,
1428 1142 1530 1188 quae
1570 1124 1698 1169 nobis

314 1196 546 1251 sufficiant,
570 1194 859 1259 possidemus,
888 1213 976 1240 non
1013 1206 1115 1241 sunt
1137 1195 1209 1240 illa
1234 1206 1396 1251 nostra,
1426 1195 1498 1240 sed
1533 1212 1698 1258 paupe-

321 1286 415 1314 rum
446 1283 634 1330 quorum
654 1267 1007 1330 procurationem
1032 1266 1361 1331 quodammodo
1385 1268 1583 1326 gerimus.
1612 1282 1697 1311 non

325 1339 635 1402 proprietatem
657 1337 784 1382 nobis
803 1338 1087 1401 usurpatione
1111 1337 1356 1383 damnabili
1402 1337 1691 1383 vindicamus,

386 1408 591 1457 xxxvl,
625 1407 854 1471 Quidquid
886 1425 986 1467 ergo
1029 1408 1205 1454 nomine
1240 1407 1532 1454 Ecclesiarum
1566 1407 1703 1471 partis

315 1479 475 1526 Donati
495 1477 819 1542 possidebatur,
846 1478 1087 1524 Christiani
1102 1480 1394 1541 Imperatores
1414 1477 1612 1537 legibus1
1630 1494 1701 1522 re—

323 1549 483 1610 ligiosis
513 1565 614 1593 cum
632 1548 735 1610 ipsis
750 1547 949 1593 Ecclesiis
974 1548 1027 1594 ad
1061 1548 1338 1593 Catholicam
1369 1548 1704 1606 transirejusse-

327 1632 440 1667 runt.
464 1621 575 1665 Cum
597 1635 697 1677 ergo
722 1618 848 1664 nobis
867 1619 952 1664 sint
980 1618 1232 1664 earumdem
1261 1617 1551 1663 Ecclesiarum
1588 1634 1706 1680 pau-

324 1708 461 1753 peres,
491 1690 566 1752 qui
594 1688 752 1733 eisdem
775 1688 1128 1752 possessiunculis
1156 1689 1418 1741 alebantur;
1449 1688 1532 1750 ipsi
1562 1687 1705 1750 potius

325 1762 428 1807 soris
461 1759 608 1823 positi,
643 1758 840 1804 desinant
864 1761 1175 1823 concupiscere
1200 1759 1364 1812 aliena;
1386 1758 1459 1803 sed
1479 1760 1640 1803 intrent
1661 1758 1704 1803 in

329 1831 504 1877 unitatis
526 1830 794 1884 societatem,
824 1841 872 1875 ut
897 1831 1060 1893 pariter
1079 1831 1387 1890 gubernemus,
1412 1846 1499 1874 non
1514 1829 1589 1875 illa
1617 1839 1706 1875 tan-

333 1915 424 1948 tum
439 1917 539 1964 quae
559 1899 714 1946 dicunt
737 1916 831 1956 sua,
846 1902 1130 1947 verumetiam
1146 1917 1246 1965 quae
1258 1900 1468 1946 dicuntur
1481 1911 1522 1946 et
1539 1911 1699 1947 nostra.

331 1971 557 2035 Scriptum
593 1980 655 2016 est
679 1970 827 2015 enim:
867 1971 1075 2017 «Omnia
1106 1981 1244 2017 vestra
1283 1982 1410 2024 sunt,
1448 1989 1523 2017 vos
1566 1981 1706 2017 autem

338 2066 355 2085 ›>
377 2042 561 2095 Christi,
593 2041 791 2085 Christus
810 2051 951 2085 autem
967 2041 1047 2086 Dei
1065 2041 1098 2087 2.
1125 2063 1144 2082 ›>
1171 2041 1262 2085 Sub
1280 2040 1353 2086 illo
1374 2042 1530 2104 capite,
1555 2041 1601 2087 in
1621 2058 1708 2087 uno

333 2117 424 2172 ejus
445 2126 628 2173 corpore
646 2126 781 2154 unum
807 2109 957 2166 simus,
985 2121 1027 2155 et
1054 2109 1108 2156 de
1124 2110 1215 2155 istis
1239 2109 1398 2156 talibus
1420 2112 1547 2156 rebus
1571 2110 1710 2157 facia-

340 2199 433 2228 mus
451 2180 571 2244 quod
594 2181 806 2243 scriptum
833 2181 958 2226 estin
989 2181 1173 2227 Actibus
1200 2181 1539 2245 Apostolorum3
1559 2204 1578 2224 «
1610 2185 1710 2228 Erat

342 2276 361 2295 ›>
390 2252 474 2298 illis
496 2252 637 2296 anima
661 2268 746 2296 una
770 2261 811 2296 et
830 2268 905 2297 cor
923 2268 1058 2298 unum
1078 2270 1088 2297 ε
1131 2262 1171 2297 et
1193 2270 1320 2298 nemo
1347 2252 1522 2299 dicebat
1543 2253 1709 2316 aliquid

341 2346 360 2365 »
386 2322 635 2386 proprium,
655 2320 728 2366 sed
750 2332 871 2368 erant
888 2322 972 2368 illis
986 2323 1132 2370 omnia
1149 2325 1401 2369 communia
1415 2323 1446 2370 3.
1466 2346 1486 2365 »
1506 2326 1710 2370 Amemus

338 2392 456 2457 quod
482 2402 706 2437 cantamus
734 2409 744 2436 ε
769 2413 790 2433 «
814 2393 925 2439 Ecce
960 2409 1093 2456 quam
1128 2393 1294 2439 bonum
1320 2405 1361 2439 et
1398 2397 1709 2457 quamjtlcun—

337 2486 357 2506 >2
383 2463 509 2519 dum,
547 2460 747 2507 habitare
779 2460 932 2509 fratres
955 2462 1001 2509 in
1025 2480 1160 2509 unum
1180 2463 1226 2509 4:
1248 2486 1268 2506 ›;
1288 2475 1337 2510 ut
1354 2465 1414 2510 sic
1437 2464 1711 2528 experiantur

382 2567 391 2588 ¹
414 2568 452 2596 In
471 2563 540 2595 eod.
557 2561 681 2594 Theod.
700 2562 721 2595 1.
750 2565 805 2596 52.
836 2563 876 2595 de
890 2563 1060 2597 haereticis.
1079 2582 1124 2589 -—
1144 2563 1160 2587 ²
1185 2577 1194 2597 ι
1226 2566 1302 2598 Cor.
1323 2575 1376 2607 ιιι,
1392 2577 1447 2606 22,
1463 2566 1521 2597 23.
1540 2583 1583 2595 -.-
1603 2562 1618 2588 3
1633 2564 1707 2599 Act.

329 2633 372 2662 iv,
394 2623 448 2653 32.
463 2638 507 2644 —
522 2616 537 2641 ⁴
552 2619 634 2652 Psal.
653 2628 774 2655 cxxxv,
800 2630 826 2651 r.
