1799 3251
298 283 390 342 488
719 301 755 330 s.
799 301 1041 331 AUGus‘rrm
1079 299 1282 330 Erimon

299 364 637 419 contumeliam3
667 375 805 410 tamen
833 364 993 411 audent
1029 364 1236 427 parvulos
1270 381 1362 410 reos
1387 364 1671 428 propriorum

300 438 558 482 constituere
576 446 852 499 peccatorum
872 473 881 486 ,
908 449 953 480 nt
971 436 1045 499 qui
1069 437 1183 479 bona
1202 435 1366 480 malave
1383 437 1574 493 cogitare
1588 453 1675 480 uon

297 518 503 571 possunt,
538 518 747 570 putentur
782 524 859 569 per
892 506 1077 552 liberum
1121 506 1348 551 arbitrium
1387 506 1454 550 vel
1494 522 1675 569 poenam

301 577 447 621 mereri
472 593 593 639 posse
619 576 683 621 vel
712 576 891 636 gratiam
913 594 923 621 ε
947 593 1048 622 cum
1084 575 1228 638 potius
1252 575 1493 638 apostolica
1519 577 1678 621 veritas

301 646 485 691 dicendo
508 664 518 691 :
539 669 558 687 α
581 646 640 691 Ex
672 663 757 691 uno
792 663 939 691 onmes
969 647 1013 691 in
1042 644 1501 699 condemnatione-1111,
1528 667 1546 686 υ
1580 646 1679 691 satis

302 716 499 761 ostendat
531 717 648 779 quod
676 727 911 761 nascantur
940 717 982 761 in
1008 732 1139 778 poena
1159 753 1168 770 ,
1198 726 1246 760 ut
1279 732 1367 760 non
1401 715 1579 772 merito,
1608 715 1681 762 sed

306 787 600 832 r.‚iscricordia
625 797 907 832 renascantur
937 787 980 832 in
1016 786 1164 846 gratia.
1198 785 1403 848 Alioquin
1426 787 1561 845 gratia
1590 789 1682 845 jam

303 875 387 902 uon
407 867 468 901 est
487 859 647 916 gratia.
677 858 706 901 si
729 875 815 901 non
838 856 994 901 divinis
1018 856 1224 918 operibus
1243 856 1374 915 gratis
1398 855 1528 901 datur
1547 857 1561 878 ²
1579 892 1590 912 ,
1609 855 1682 901 sed

301 927 506 973 humanis
529 928 689 973 meritis
710 927 920 974 redditur.
949 932 1061 983 Quze
1084 926 1170 972 tola
1189 926 1473 972 sic'discernit
1494 943 1681 990 apoena,

304 1010 353 1045 ut
375 1015 475 1044 cum
502 1016 635 1062 poena
661 999 714 1044 sit
737 1016 781 1043 ex
810 999 947 1045 Adam
969 999 1173 1043 omnibus
1199 997 1346 1043 debita
1365 1034 1375 1053 ,
1405 999 1541 1058 gratia
1580 1015 1681 1044 vero

303 1086 380 1133 per
403 1084 537 1114 unum
562 1070 708 1115 Jesum
730 1070 953 1115 Christum
982 1069 1089 1114 nulli
1110 1069 1256 1114 debita
1274 1105 1285 1122 ,
1313 1068 1384 1114 sed
1403 1069 1589 1128 gratuita
1608 1106 1618 1122 ,
1638 1078 1688 1114 ut

309 1156 404 1184 vere
422 1139 475 1183 sit
501 1140 634 1199 gratia
653 1177 662 1195 ‚
684 1139 984 1184 inscrutabilia
1004 1138 1171 1198 judicia
1197 1139 1293 1191 Dei,
1317 1148 1526 1202 tauquam
1549 1142 1683 1194 Deus,

311 1227 397 1255 esse
421 1209 610 1272 possint,
647 1226 746 1256 cum
771 1210 976 1272 parvulos
1003 1210 1094 1272 ipse
1123 1208 1358 1261 discernat,
1393 1226 1501 1272 quos
1536 1209 1689 1254 merita

308 1280 424 1325 nulla
449 1280 723 1335 discernunt3
749 1280 822 1325 sed
842 1281 989 1340 iniqua
1015 1297 1100 1325 esse
1131 1296 1218 1323 non
1242 1279 1432 1342 possint,
1460 1279 1560 1342 quia
1586 1280 1688 1325 uni-

310 1367 442 1395 versae
478 1351 561 1396 νίζε
584 1351 764 1396 Domini
797 1350 1091 1396 misericordia
1129 1359 1170 1395 et
1199 1349 1403 1395 veritas?
1438 1348 1561 1395 Unde
1588 1366 1689 1395 cum

312 1421 535 1483 praebetur
557 1421 676 1466 alteri
706 1421 1016 1466 misericordiae
1037 1420 1173 1479 gratia
1189 1457 1199 1475 ,
1226 1437 1312 1464 non
1340 1419 1473 1465 habet
1497 1420 1617 1483 quod
1637 1419 1692 1465 de

316 1492 512 1536 humano
536 1492 689 1537 merito
716 1492 937 1551 glorietur,
960 1492 1165 1555 quoniam
1195 1508 1280 1536 nou
1303 1508 1351 1536 ex
1370 1491 1577 1554 operibus
1599 1527 1609 1545 ,
1638 1507 1692 1536 ne

318 1563 426 1608 forte
447 1563 542 1625 quis
566 1563 806 1609 extollatur.
838 1564 949 1608 Cum
968 1579 1070 1607 vero
1099 1562 1218 1607 alteri
1244 1562 1452 1607 vindietae
1473 1561 1688 1617 redditur,

319 1632 474 1678 veritas
490 1668 501 1686 ‚
527 1632 767 1678 nonhabet
786 1637 988 1692 curjuste
1007 1643 1243 1696 quaeratur.
1273 1631 1322 1677 td
1341 1634 1453 1677 euim
1475 1631 1690 1688 redditur,

320 1702 438 1765 quod
461 1713 640 1766 peccato
671 1708 771 1764 jure
795 1703 1005 1756 (lebetum
1045 1704 1250 1766 quoniam
1289 1720 1399 1748 unns
1431 1703 1474 1748 in
1497 1720 1584 1766 quo
1604 1720 1694 1749 om-

320 1791 392 1819 nes
413 1785 719 1836 peceaverunt,
746 1776 895 1836 utique
911 1775 1039 1820 etiam
1057 1776 1100 1819 in
1129 1773 1305 1833 singulis
1329 1774 1543 1837 quibusve
1566 1774 1694 1837 puni-

323 1854 406 1890 tur.
432 1845 481 1889 ln
507 1862 691 1907 quorum
718 1862 852 1908 poena
890 1845 1048 1890 clarius
1083 1844 1338 1898 ostenditur,
1355 1843 1460 1907 quid
1482 1845 1590 1890 vasis
1618 1844 1695 1890 mi-

325 1915 570 1960 sericordiae
588 1933 666 1979 per
689 1933 776 1960 non
797 1916 1009 1970 debitam,
1037 1915 1106 1960 sed
1129 1933 1270 1960 veram
1287 1915 1486 1975 gratiam,
1512 1915 1596 1960 hoc
1615 1926 1693 1972 est,

325 1985 554 2045 gratuitam
582 1986 847 2033 conferatur.

394 2057 516 2102 Kllt.
545 2056 668 2101 Unde
686 2067 828 2101 autem
851 2067 1205 2116 argumententur
1222 2057 1424 2103 adversus
1442 2056 1698 2120 Apostolum

327 2126 591 2188 apertissime
625 2126 840 2172 dicentem
864 2144 874 2171 z
898 2148 917 2167 «
937 2128 1019 2171 Per
1053 2143 1187 2171 unum
1216 2127 1435 2172 homiuem
1469 2137 1699 2189 peccatum

331 2221 348 2237 υ
375 2196 551 2241 intrarit
578 2196 623 2241 in
658 2196 869 2242 mundum
891 2233 901 2252 ,
929 2208 972 2242 et
994 2214 1073 2259 per
1098 2207 1326 2259 peccatum
1349 2214 1462 2242 mors
1480 2234 1489 2250 ,
1512 2207 1553 2242 et
1577 2197 1635 2242 ita
1656 2196 1700 2241 in

329 2288 346 2306 υ
373 2283 519 2311 omues
555 2266 753 2312 homines
789 2267 1065 2330 pertransiit,
1105 2267 1149 2312 in
1182 2284 1269 2330 quo
1305 2284 1452 2313 omnes
1487 2284 1701 2330 peccave-

329 2361 345 2377 »
374 2336 520 2388 runt&
548 2358 567 2377 >2
591 2336 782 2383 dicentes
802 2338 930 2383 etiam
955 2337 1160 2400 parrulos
1191 2338 1373 2401 propria
1412 2355 1490 2401 per
1513 2337 1701 2383 liberum

327 2408 555 2452 arbitrium
596 2408 759 2454 habere
793 2419 973 2472 peccata
993 2445 1003 2463 ,
1050 2407 1172 2453 taedet
1215 2408 1434 2454 attendere
1450 2444 1461 2464 ,
1500 2407 1704 2472 pigetque

326 2478 538 2541 proferre,
559 2478 632 2524 sed
662 2480 796 2540 magis
815 2478 1120 2543 compellimur
1140 2478 1297 2525 dicere.
1329 2478 1462 2536 Quod
1477 2479 1595 2524 enim
1619 2495 1704 2542 po-

322 2559 500 2594 tuerunt
537 2567 690 2610 magna
714 2560 756 2595 et
778 2561 905 2596 acuta
924 2550 1095 2610 ingenia
1118 2550 1307 2610 cogitare
1323 2586 1333 2606 ,
1359 2560 1434 2596 aut
1455 2549 1618 2614 inopiae
1641 2560 1704 2597 est

377 2632 386 2659 Ξ
411 2635 503 2666 Rom.
527 2644 558 2667 v,
582 2634 630 2664 16.
644 2649 687 2656 ——
701 2631 716 2654 ‘²
734 2633 768 2664 111
802 2644 845 2671 xi,
866 2635 897 2669 5,
912 2652 951 2657 —-
969 2631 1085 2666 31'5512.
1101 2643 1186 2664 xxiv.
1208 2645 1257 2664 ιο,
1274 2651 1314 2658 --
1332 2631 1345 2655 ⁴
1363 2636 1456 2666 Rom.
1474 2644 1505 2674 v,
1526 2645 1577 2666 ππ.
