1799 3251
322 304 413 363 400
465 352 468 354 ,
741 321 774 351 S.
821 320 1063 351 Aixcrsrinr
1099 319 1299 351 rrrscori

325 403 424 432 cum
456 386 600 450 impiis
626 386 836 433 habemus
853 425 862 443 ,
888 404 986 433 cum
1010 387 1171 451 quibus
1194 386 1393 432 homines
1411 403 1586 442 sumus3
1613 404 1692 433 ne-

325 474 424 517 gare
454 474 554 504 vero
582 474 673 502 eam
693 494 704 514 ,
733 474 818 520 qua
843 458 1080 503 Christiani
1101 468 1141 502 et
1176 457 1253 503 filii
1284 457 1365 503 Dei
1397 475 1570 512 sumus,
1597 458 1693 521 quis

325 544 423 572 eum
445 527 659 590 patienter
678 527 995 573 catholicorum
1020 527 1294 574 sacerdotum
1312 545 1399 573 non
1418 528 1603 574 dicimus
1621 545 1694 574 au-

323 597 460 654 diret,
496 597 566 643 sed
594 609 690 644 ante
718 598 864 644 oculos
886 616 982 645 suos
1004 599 1166 645 ferret?
1189 598 1470 662 Quapropter
1489 616 1575 644 non
1598 598 1695 644 cul-

325 667 457 732 pandi
484 669 792 729 suntjudiees,
822 670 923 734 quia
953 669 1243 716 ecclesiastica
1269 670 1579 715 consuetudine
1613 687 1696 714 no-

324 757 421 785 men
475 741 626 799 gratiae
683 740 916 786 audierunt
946 779 956 797 ‚
1007 742 1242 786 nescientes
1288 740 1394 803 quid
1441 740 1695 800 hujusmodi

324 810 522 856 homines
547 811 610 856 vel
634 811 676 856 in
700 829 788 858 suae
811 812 1024 858 doctrinae
1045 812 1168 857 libris
1194 811 1258 857 vel
1285 813 1328 857 in
1354 828 1532 857 suorum
1561 811 1697 857 solent

329 882 507 927 auribus
534 899 749 945 spargere.

394 953 476 998 Ill.
509 953 605 998 Non
631 953 771 1013 agitur
795 954 848 1000 de
873 971 960 1000 uno
983 953 1156 1014 Pelagio
1174 991 1183 1009 ,
1206 953 1381 1016 quijam
1401 952 1510 999 forte
1527 969 1700 998 corree-

329 1033 422 1080 tus,
444 1024 639 1087 estquod
663 1025 828 1070 utinam
864 1026 922 1072 ita
957 1026 1034 1079 sit3
1059 1024 1131 1070 sed
1152 1025 1204 1070 de
1232 1035 1316 1070 tam
1342 1025 1512 1080 multis,
1539 1024 1700 1087 quibus

327 1094 570 1157 loquaciter
604 1095 995 1151 contendentibus,
1028 1106 1069 1140 et
1090 1096 1283 1140 infirmas
1319 1106 1447 1158 atque
1467 1094 1702 1140 ineruditas

329 1165 492 1210 animas
515 1165 631 1210 velut
648 1166 814 1211 vinctas
836 1166 1110 1211 trahentibus
1126 1202 1135 1217 ,
1159 1166 1303 1210 firmas
1323 1176 1461 1210 autem
1487 1175 1527 1210 et
1550 1165 1592 1210 in
1618 1164 1703 1209 fide

331 1234 504 1281 stabiles
523 1235 616 1298 ipsa
640 1236 916 1281 contentione
942 1235 1252 1295 fatigantibus,
1282 1252 1591 1298 usquequaque
1611 1239 1701 1294 jam

330 1306 460 1370 plena
482 1317 582 1352 sunt
606 1306 762 1352 omnia.
798 1309 885 1352 Aut
904 1324 1002 1366 ergo
1027 1324 1047 1351 a
1073 1317 1145 1352 tua
1170 1307 1443 1352 veneratione
1475 1305 1705 1351 acciendus

332 1387 393 1423 est
437 1378 649 1430 Romam,
691 1387 732 1422 et
769 1375 996 1436 diligenter
1033 1376 1360 1436 interrogandus
1377 1415 1386 1433 ,
1427 1393 1557 1440 quam
1589 1376 1706 1422 dicat

334 1449 514 1508 gratiam
534 1464 618 1510 qua
638 1446 836 1503 fateatur,
865 1449 897 1492 si
920 1458 1060 1492 tamen
1081 1451 1169 1506 jam
1194 1446 1396 1501 fateatur,
1418 1448 1469 1492 ad
1495 1465 1580 1492 non
1600 1463 1706 1510 pec-

333 1518 524 1565 candum
553 1522 752 1581 justeque
774 1517 1009 1563 vivendum
1042 1517 1239 1563 homines
1268 1517 1495 1577 adjuvari3
1523 1528 1598 1563 aut
1620 1517 1706 1563 hoc

335 1589 478 1652 ipsum
499 1606 599 1634 cum
619 1605 666 1634 eo
683 1605 758 1651 per
778 1588 940 1633 litteras
957 1587 1184 1648 agendum.
1209 1589 1373 1633 Etcum
1394 1587 1594 1633 inventus
1610 1587 1706 1633 fue-

337 1660 393 1705 rit
428 1659 545 1704 hanc
569 1658 734 1714 dicere,
774 1675 908 1721 quam
933 1657 1062 1703 docet
1083 1658 1368 1704 ecclesiastica
1407 1669 1447 1703 et
1471 1657 1708 1722 apostolica

338 1729 493 1776 veritas
511 1767 522 1786 ,
545 1741 653 1775 tunc
675 1729 765 1775 sine
793 1728 882 1775 ullo
903 1731 1112 1793 scrupulo
1137 1728 1338 1775 Ecclesiae
1354 1766 1364 1785 ,
1402 1729 1490 1774 sine
1522 1729 1708 1774 latibulo

337 1800 632 1860 ambiguitatis
665 1800 794 1845 ullius
825 1799 1115 1845 absolvendus
1139 1810 1228 1854 est,
1264 1810 1366 1845 tunc
1395 1809 1456 1845 est
1489 1816 1634 1846 revera
1656 1800 1709 1845 de

338 1875 429 1931 ejus
452 1873 709 1934 purgatione
732 1869 1026 1930 gaudendum.

406 1941 480 1987 IV.
514 1942 612 1987 Sive
632 1942 743 1986 enim
765 1941 942 2000 gratiam
964 1941 1114 1986 dixerit
1141 1958 1225 1986 esse
1247 1941 1434 1986 liberum
1456 1941 1705 1996 arbitrium,

340 2012 428 2058 sive
452 2012 631 2072 gratiam
655 2028 740 2057 esse
761 2011 1051 2056 remissionem
1081 2022 1359 2074 peccatorum
1375 2049 1385 2067 ,
1412 2012 1499 2057 sive
1528 2011 1708 2071 gratiam

341 2099 427 2128 esse
456 2082 580 2142 Legis
599 2091 869 2145 praeceptum
891 2118 901 2135 ,
930 2081 1041 2126 nihil
1069 2098 1216 2126 eorum
1244 2081 1371 2137 dicit,
1390 2097 1488 2144 quae
1506 2099 1584 2145 per
1600 2082 1710 2128 sub-

342 2153 700 2200 ministrationem
726 2153 912 2216 Spiritus
931 2153 1067 2198 sancti
1086 2153 1302 2216 pertinent
1321 2152 1372 2198 ad
1393 2153 1710 2216 eoncupiscen-

341 2225 420 2270 tias
442 2224 780 2286 tentationesque
802 2222 1034 2268 vincendas
1049 2222 1080 2280 ¹,
1111 2240 1238 2286 quem
1267 2223 1473 2268 ditissime
1494 2222 1646 2268 effudit
1666 2223 1710 2268 in

342 2313 420 2343 nos
437 2333 446 2349 ,
471 2295 546 2359 qui
574 2295 764 2340 ascendit
796 2294 840 2339 in
865 2293 1028 2339 coelum
1047 2331 1056 2348 ,
1087 2304 1128 2339 et
1165 2295 1390 2356 captivans
1414 2294 1710 2357 captivitatem

341 2366 461 2413 dedit
490 2366 604 2411 dona
625 2365 879 2411 hominibus
893 2365 925 2412 2.
959 2365 1073 2409 Hinc,
1102 2367 1216 2409 enim
1241 2381 1412 2410 oramus
1433 2375 1481 2410 ut
1504 2375 1711 2427 peccato-

342 2454 438 2483 rum
479 2436 756 2481 tentationem
785 2451 987 2498 superare
1023 2435 1237 2498 possimus
1258 2472 1267 2488 ,
1300 2446 1346 2480 ut
1386 2434 1576 2498 Spiritus
1606 2434 1706 2488 Dei,

342 2507 456 2555 unde
479 2507 636 2571 pignus
656 2506 926 2569 accepimus,
950 2506 1125 2566 adjuvet
1144 2506 1437 2552 infirmitatem
1467 2516 1656 2553 nostram
1672 2505 1704 2552 3.

390 2617 482 2649 ¹Tit.
513 2627 574 2660 ιιι,
607 2617 638 2649 6.
669 2633 712 2640 —-
739 2613 753 2637 ²
775 2615 889 2659 Eptwe.
923 2626 966 2649 iv,
989 2616 1018 2645 S.
1042 2633 1083 2640 --
1113 2613 1126 2637 3
1152 2618 1246 2649 Rom,
1269 2627 1351 2659 vm,
1375 2618 1427 2648 265.
