1799 3251
561 304 772 334 EPIS'l'OLA
809 304 1017 335 ctxxvm.
1401 294 1449 347 lfa
1474 309 1483 338 1

187 371 306 418 xlx.
335 372 501 416 Caetera
519 370 692 433 quaeitli
705 370 875 428 objecta
896 381 1012 424 suut,
1034 371 1146 416 sicut
1170 373 1308 417 (iestis
1323 373 1492 420 ‹tt-thum

118 441 371 504 perviderit,
399 441 457 485 ita
481 440 534 485 de
560 439 627 484 his
647 442 801 501 procul
825 438 960 484 dubio
986 451 1058 484 tua
1079 440 1486 499 heatitndojmii'ew-

117 512 199 558 bit.
231 511 364 557 Dabit
382 527 480 556 sane
493 510 618 555 nobis
633 510 799 560 venian„-
814 510 1000 555 suavitas
1019 511 1239 556 mitissima
1257 512 1399 557 cordis
1415 514 1491 570 tui,

117 581 236 644 quod
252 582 524 645 proiixiorem
542 580 765 643 epistolam
785 579 972 625 fortassis
992 597 1123 643 quam
1144 580 1270 627 velles
1294 592 1377 628 tuae
1406 585 1490 629 mi-

116 652 248 697 simus
273 651 504 698 sanctitati.
538 652 638 696 Non
669 650 783 695 enim
820 650 1012 696 rivulum
1047 661 1241 697 nostrum
1267 662 1343 697 tuo
1370 653 1489 714 largo

113 721 223 767 sonti
244 722 438 782 augendo
465 721 761 774 refundimus;
803 720 874 767 sed
898 721 943 766 in
969 721 1054 767 hac
1076 739 1164 766 non
1186 732 1331 767 tamen
1351 742 1485 786 parva

115 794 348 838 tentatione
373 792 595 855 temporis,
624 792 739 838 unde
773 791 1024 838 nos-liberet
1043 792 1113 837 cui
1139 791 1325 837 dicimus
1351 811 1361 837 z
1387 816 1403 833 α
1425 795 1486 840 Ne

113 883 134 904 >2
157 880 234 908 nos
258 863 414 908 inferas
436 863 482 908 in
504 863 804 914 tentationem,
829 884 848 904 >2
872 875 1018 908 utrum
1045 863 1174 908 etiam
1208 873 1351 908 noster
1386 864 1486 910 licet

112 933 285 992 exiguus
299 951 346 978 ex
357 933 523 989 eodem,
538 949 625 996 quo
638 933 764 977 etiam
785 944 882 978 tuus
893 933 1135 989 abundans,
1156 946 1326 979 emanet
1343 936 1485 998 capite

111 1003 393 1058 fluentorum,
421 1003 507 1049 hoc
542 1022 564 1048 a
589 1014 628 1049 te
649 1005 828 1066 probari
847 1004 1049 1050 volumus
1069 1004 1239 1067 tuisque
1264 1006 1484 1068 rescriptis

110 1072 164 1118 de
187 1074 412 1118 communi
432 1074 768 1136 participatione
803 1074 930 1120 unius
946 1075 1096 1134 gratiae
1117 1075 1339 1121 consolari.

109 1244 291 1255 Qu-»sx»=
303 1247 352 1256 sv-
365 1247 477 1256 Ᾰκη-ιι
489 1249 496 1253 -
508 1246 542 1256 n
556 1250 559 1252 -
571 1248 603 1255 »ι
616 1245 670 1256 ινφ
697 1246 1283 1258 ικ--Ἃ-ιικἏᾺιςπικκ-Ἇιωννκμ
1299 1248 1479 1258 ιςκκι-ιςι

492 1365 753 1408 EPISTULA
787 1366 1035 1408 CLXXVIII
1055 1367 1083 1407 ¹.

103 1499 276 1539 Domino
305 1500 531 1538 beatissimo
557 1508 595 1538 et
620 1500 657 1537 in
684 1499 828 1539 Christi
862 1501 1024 1538 veritate
1056 1500 1283 1539 venerando
1303 1501 1416 1538 fratri
1437 1510 1474 1538 et

156 1561 426 1600 consacerdoti
459 1561 623 1598 memo
658 1566 735 1609 422)
755 1590 766 1607 ‚
800 1561 1043 1599 Ancusrmus
1077 1561 1118 1599 in
1151 1561 1329 1600 Domino
1361 1561 1472 1600 salu-

155 1630 250 1662 teni.

132 1756 409 1815 Augustinus
441 1757 648 1805 Hilario,
684 1757 735 1797 cle
765 1756 1008 1813 pelagiana
1030 1755 1184 1797 lzoeresi
1205 1755 1371 1797 duobus
1396 1755 1443 1795 in

470 1825 628 1880 Africa
652 1825 850 1866 conciliis
873 1825 1099 1865 damnata.

166 1962 200 2007 I.
225 1961 539 2007 HoNonAssaLzs
572 1959 684 2005 filius
712 1971 855 2005 noster
873 1959 1095 2007 Palladius
1120 1979 1220 2007 cum
1247 1960 1300 2007 de
1329 1971 1472 2006 nostro

97 2030 240 2077 littore
268 2030 514 2090 navigaret,
542 2031 802 2076 heneficium
828 2030 1049 2094 poscendo
1088 2032 1222 2092 magis
1257 2031 1395 2087 dedit,
1426 2043 1471 2077 ut

97 2119 186 2148 non
205 2101 344 2148 solum
370 2118 467 2146 cum
497 2100 754 2160 benignitati
785 2112 890 2157 tuae,
924 2102 1204 2147 verumetiam
1236 2117 1303 2147 me
1326 2102 1470 2165 ipsum

99 2173 182 2218 tuis
203 2171 474 2217 orationibus
494 2171 846 2217 commendarem
860 2209 870 2227 ‚
893 2172 1080 2217 Domine
1102 2172 1347 2218 beatissime
1364 2182 1405 2217 et
1425 2172 1470 2217 in

98 2241 264 2288 Christi
280 2241 492 2286 charitate
520 2241 760 2288 venerande
777 2241 921 2288 frater.
945 2242 1077 2299 Quod
1098 2259 1199 2288 cum
1212 2241 1344 2298 facio,
1362 2259 1471 2305 pro-

96 2313 210 2359 fecto
231 2325 272 2359 et
289 2313 491 2358 sanctitas
510 2324 583 2358 tua
600 2312 727 2359 faciet
745 2314 861 2378 quod
878 2314 931 2360 de
952 2325 989 2360 te
1010 2314 1140 2359 ambo
1152 2314 1470 2378 praesumimus.

99 2384 210 2440 Quae
230 2394 371 2430 autem
386 2384 501 2429 circa
522 2401 598 2429 nos
618 2385 719 2441 sint,
740 2385 945 2449 quoniam
963 2385 1052 2430 scio
1076 2384 1351 2431 dilectionem
1377 2401 1471 2432 Ves-

97 2464 206 2501 tram
229 2472 311 2518 pro
333 2455 457 2500 nobis
475 2455 587 2502 sicut
611 2466 651 2502 et
669 2468 858 2503 nostram
878 2474 958 2520 pro
972 2456 1097 2503 vobis
1115 2473 1202 2503 esse
1219 2455 1465 2512 sollicitam,

142 2561 153 2584 ¹
171 2561 257 2593 Alias
269 2572 354 2593 xfflv.
370 2572 440 2600 (111ae
457 2567 561 2593 autem
583 2573 595 2592 1
607 2564 646 2601 73
669 2569 747 2605 erat,
766 2563 895 2596 nuncin
909 2563 1098 2607 Appendice
1115 2570 1161 2597 est
1178 2563 1261 2598 Edit.
1278 2564 1398 2599 Bened.
1417 2574 1469 2606 19.

95 2634 140 2653 2-
154 2617 276 2662 Scripta
293 2617 403 2650 eodem
421 2623 575 2662 tempore.
