1799 3251
336 328 429 383 436
736 342 772 368 S.
816 339 1060 372 Aneusnm
1097 339 1300 371 Erlscopt

337 404 532 452 conciliis
568 420 647 467 per
679 402 856 449 fratrem
889 415 930 449 et
963 405 1273 468 coepiscopum
1312 412 1509 449 nostrum
1539 403 1706 450 Jutium

334 486 536 541 pergrato
556 475 824 538 suscepimus
841 476 985 522 animo
1003 513 1013 531 ,
1035 476 1152 539 quod
1173 491 1315 521 earum
1342 486 1464 521 tenor
1482 476 1708 540 omnisque

336 548 550 594 contextio
578 546 620 591 in
641 545 982 592 consideratione
1001 547 1269 612 quotidianae
1291 546 1440 606 gratiae
1473 546 1578 602 Dei,
1597 557 1640 592 et
1663 546 1708 592 in

335 635 486 665 eorum
513 618 779 663 correctione
805 617 881 680 qui
913 629 1063 664 contra
1093 618 1313 672 sentiunt,
1345 616 1511 676 integra
1544 616 1710 663 ratione

336 687 532 735 consistit
555 704 564 732 ε
587 697 636 734 ut
655 697 696 732 et
710 686 793 732 illis
812 704 983 734 omnem
1005 689 1152 734 tollere
1165 687 1300 751 possit
1322 703 1508 733 errorem
1525 723 1536 742 ,
1556 697 1598 732 et
1616 686 1710 732 ido-

337 775 467 805 neum
491 757 594 804 dato
621 757 774 820 quovis
797 769 955 804 nostrae
972 759 1074 819 legis
1092 757 1312 821 exemplo,
1337 773 1466 820 quem
1489 758 1608 820 sequi
1631 755 1711 801 de-

334 830 496 885 beant,
532 828 714 888 dignum
739 829 905 891 possint
936 831 1135 893 praebere
1170 829 1408 875 doctorem.
1440 827 1524 872 Sed
1560 827 1613 872 de
1643 825 1713 871 his

328 904 421 961 jam
445 900 569 955 satis,
595 909 643 944 ut
660 899 832 962 opinor,
857 917 987 964 supra
1008 900 1225 956 diximus,
1247 916 1347 945 cum
1371 899 1520 944 vestris
1536 897 1713 942 relatio-

335 971 468 1016 nibus
508 969 812 1032 respondentes
848 971 1173 1034 rescripsimus,
1215 970 1323 1033 quid
1358 969 1425 1015 vel
1459 968 1512 1014 de
1536 967 1715 1013 illorum

328 1040 515 1105 perfidia
533 1077 544 1096 ,
574 1040 639 1086 vel
659 1039 712 1085 de
734 1051 872 1086 vestra
896 1043 1101 1088 sententia
1118 1042 1384 1088 sentiremus
1420 1039 1506 1085 Sed
1522 1037 1713 1084 subinde

335 1121 488 1157 contra
511 1127 581 1155 eos
607 1110 809 1155 subvenit
831 1121 873 1156 et
901 1112 1154 1174 suppeditat
1172 1111 1292 1175 quod
1317 1110 1508 1165 dicatur,
1527 1125 1608 1155 nec
1627 1125 1715 1172 po-

336 1192 417 1228 test
451 1179 685 1243 aliquando
714 1179 855 1226 deesse
892 1182 1011 1243 quod
1047 1183 1221 1236 vincat,
1262 1198 1361 1227 cum
1392 1191 1480 1225 tam
1513 1179 1717 1225 miserum

337 1252 614 1316 impiumque
646 1250 699 1295 sit
722 1250 841 1313 quod
869 1262 1026 1297 nostrae
1056 1253 1155 1298 fidei
1177 1252 1334 1297 virtute
1359 1261 1399 1297 et
1422 1251 1513 1313 ipsa
1545 1249 1718 1313 plenius

334 1323 517 1370 veritate
553 1321 770 1367 vincatur.
809 1322 896 1377 Qui
931 1323 1044 1368 enim
1079 1340 1250 1368 omnem
1275 1322 1376 1368 vitae
1399 1338 1519 1384 spem
1551 1320 1718 1383 respuit

339 1403 468 1457 atque
494 1391 784 1453 contempsit.
813 1391 988 1437 inimica
1013 1393 1341 1456 damnabilique
1371 1408 1447 1437 cor
1471 1408 1598 1437 suum
1626 1390 1718 1436 dis-

338 1462 568 1527 putatione
591 1460 890 1515 confundens,
918 1478 1018 1507 cum
1044 1463 1181 1509 credit
1203 1462 1312 1507 nihil
1337 1479 1423 1507 esse
1444 1460 1564 1525 quod
1586 1478 1608 1505 a
1626 1462 1717 1505 Deo

336 1533 547 1596 accipiat,
567 1549 645 1576 nec
672 1531 837 1594 aliquid
854 1549 1071 1595 superesse
1094 1533 1211 1596 quod
1242 1543 1360 1595 petat
1397 1531 1451 1577 ad
1476 1529 1718 1576 sanandum

336 1622 402 1658 se,
424 1603 498 1667 qui
517 1603 598 1647 sibi
620 1602 705 1646 hoc
723 1602 928 1657 abstulit,
953 1603 1132 1648 ulterius
1152 1603 1260 1666 quid
1283 1602 1523 1665 reliquit'9»

406 1676 464 1720 ll.
497 1695 517 1714 α
533 1672 579 1718 Si
603 1688 702 1731 ergo
728 1682 828 1716 sunt
851 1672 1002 1735 aliqui,
1027 1690 1136 1736 quos
1158 1674 1203 1718 in
1221 1673 1285 1718 sui
1305 1672 1594 1718 defensionem
1613 1688 1719 1734 per-

340 1746 515 1793 versitas
537 1753 655 1788 tanta
675 1742 889 1798 devinxit,
916 1744 991 1806 qui
1012 1744 1117 1788 huic
1136 1762 1177 1789 se
1194 1743 1386 1803 dogmati
1411 1742 1574 1788 dedant
1592 1752 1720 1806 atque

343 1821 611 1876 conjungant
629 1850 639 1869 ,
660 1826 879 1876 sperantes
900 1815 983 1859 hoc
1009 1814 1063 1859 ad
1085 1814 1346 1860 catholicam
1375 1814 1588 1878 pertinere
1610 1813 1720 1859 doc-

342 1889 502 1934 trinam
519 1923 529 1941 ,
556 1884 676 1947 quod
712 1884 949 1929 abhorrens
981 1884 1151 1944 longius
1175 1896 1216 1931 et
1241 1885 1413 1949 penitus
1445 1884 1721 1948 approbatur

346 1959 573 2005 adversum
590 1992 600 2009 ,
619 1953 766 1999 infecti
790 1954 963 2000 illorum
985 1967 1027 2000 et
1047 1957 1220 2001 monitis
1238 1967 1277 2001 et
1299 1956 1441 2002 verbis
1458 1966 1504 2001 ut
1520 1955 1721 2000 laberen-

345 2042 417 2076 tur
447 2025 640 2080 inducti,
662 2036 873 2087 quatenus
906 2025 958 2070 ad
995 2038 1161 2072 rectum
1189 2027 1271 2071 viae
1300 2027 1515 2071 tramitem
1545 2025 1723 2070 redeant

344 2098 636 2150 festinabunt,
674 2111 727 2139 ne
762 2095 926 2140 diutius
962 2107 1145 2141 mentem
1183 2096 1385 2141 obsidens
1422 2095 1538 2141 velut
1571 2111 1722 2141 eorum

341 2169 534 2217 sensibus
570 2175 717 2228 pastus
760 2182 877 2210 error
924 2165 1116 2213 invadat.
1156 2167 1265 2211 Nam
1298 2166 1332 2211 si
1374 2166 1570 2225 Pelagius
1608 2182 1722 2229 quo-

350 2255 539 2301 cumque
580 2235 731 2280 restitit
771 2235 867 2280 loco
894 2273 904 2292 ,
944 2253 1093 2282 corum
1131 2237 1295 2282 animos
1318 2272 1328 2291 ,
1369 2237 1444 2299 qui
1480 2235 1608 2281 facile
1653 2234 1722 2281 vel

350 2309 606 2373 simpliciter
637 2307 863 2352 crederent
903 2306 1172 2370 disputanti,
1206 2307 1291 2353 hac
1326 2307 1609 2352 affirmatione
1641 2305 1722 2351 de-

351 2384 500 2445 cepit:
525 2395 598 2424 seu
626 2378 710 2423 hac
743 2378 803 2423 illi
840 2379 884 2423 in
918 2380 1025 2424 urbe
1060 2379 1171 2435 sint,
1206 2396 1315 2442 quos
1362 2379 1597 2424 nescientes
1643 2394 1723 2423 nec

350 2452 619 2499 manifestare
635 2465 862 2510 possumus
886 2466 965 2494 nec
982 2466 1161 2507 negare,
1186 2465 1285 2493 cum
1311 2458 1353 2493 et
1365 2449 1399 2493 si
1416 2459 1515 2493 sunt
1533 2447 1719 2503 lateant,

350 2540 429 2570 nec
453 2519 687 2585 aliquando
713 2520 924 2576 audeant,
950 2519 1017 2566 vel
1044 2520 1166 2565 illum
1196 2518 1508 2583 praedicantem
1535 2518 1616 2564 ista
1641 2517 1722 2564 de-

350 2593 525 2641 fendere
539 2629 551 2648 ‚
568 2590 637 2638 vel
651 2590 752 2637 talia
771 2591 917 2656 aliquo
935 2602 1179 2638 nostrorum
1200 2602 1413 2656 praesente
1426 2594 1592 2651 jactare
1607 2626 1620 2646 ‚
1643 2606 1723 2636 nec

348 2666 394 2713 in
422 2674 540 2713 tanta
577 2661 734 2727 populi
765 2662 1048 2711 multitudine
1085 2661 1357 2727 deprehendi
1392 2659 1547 2726 aliquis
1567 2658 1716 2716 facile,
