1799 3251
339 296 430 343 208
756 310 790 339 s.
833 309 1078 340 auersum
1113 309 1316 342 arlscori

334 376 521 439 primam
544 376 777 431 tribuatur,
798 375 1167 438 quemadmodum
1195 393 1272 421 nos
1291 392 1521 439 possumus
1539 394 1585 423 ex
1606 379 1708 425 reli-

333 446 458 505 gione
483 444 739 492 contendere
755 481 765 499 ‚
808 455 856 490 ut
879 445 1195 509 qualecumque
1221 445 1330 491 illud
1355 447 1517 492 crimen
1542 448 1703 506 fuerit,

331 516 605 563 dimittatur?
626 539 645 558 >³
668 515 826 562 Adhuc
847 517 1018 576 gravius
1037 533 1160 576 urges
1179 553 1189 571 ‚
1220 527 1262 562 et
1282 516 1390 562 dicis
1408 554 1418 572 ,
1440 538 1460 558 «
1485 519 1570 563 Nos
1595 536 1705 581 pro-

329 587 434 632 bare
451 587 569 650 quod
598 585 797 632 volumus
818 586 1083 649 impunitum
1111 604 1120 630 :
1145 597 1185 631 et
1206 586 1238 631 si
1259 597 1426 632 constat
1446 604 1532 633 non
1557 589 1702 634 minus

331 667 550 702 auctorem
575 673 704 719 quam
727 656 1006 718 probatorem
1034 655 1166 701 teneri
1189 655 1233 700 in
1253 656 1455 702 omnibus
1478 673 1577 720 quae
1594 675 1703 720 pec-

328 737 503 780 cantur3
527 737 694 772 certum
719 742 803 770 esse
828 742 904 770 nos
926 727 1071 788 culpae
1097 725 1298 771 societate
1323 726 1508 783 vinciri,
1537 729 1704 789 quoties

326 813 423 842 eum
451 797 716 860 impunitum
751 812 835 841 esse
859 795 1059 841 volumus
1079 832 1088 849 ,
1127 795 1202 858 qui
1238 795 1383 857 culpae
1414 806 1584 841 tenetur
1617 798 1702 842 ob-

325 883 488 914 noxius
523 887 543 908 »

388 938 447 983 ΙΙ.
480 937 557 982 His
579 935 720 982 verbis
754 950 883 997 quem
907 950 994 979 non
1018 944 1171 979 terreas
1198 944 1285 979 tuae
1311 933 1498 980 lenitatis
1527 946 1569 980 et
1612 935 1698 981 liu-

322 1007 540 1053 manitatis
576 1007 802 1065 ignarum?
831 1003 954 1049 Unde
988 1020 1064 1048 nos
1090 1004 1167 1066 qui
1195 1014 1233 1049 te
1258 1004 1459 1049 novimus
1478 1041 1488 1059 ,
1524 1016 1564 1050 et
1601 1005 1699 1052 haec

319 1076 542 1140 quaerendi
557 1075 693 1135 gratia
711 1110 722 1129 ,
752 1090 839 1118 non
857 1072 1144 1129 decernendi,
1175 1073 1394 1135 scripsisse
1424 1075 1599 1120 minime
1619 1074 1697 1121 du-

317 1146 538 1201 bitamus‚
577 1144 669 1189 aliis
702 1141 846 1188 verbis
882 1142 967 1187 tuis
1000 1141 1053 1187 ad
1091 1143 1169 1187 ista
1203 1143 1330 1188 citius
1366 1143 1690 1206 respondemus.

318 1217 547 1279 Tanquam
571 1213 684 1259 enim
710 1229 787 1257 nos
815 1212 1016 1257 haesitare
1036 1212 1079 1256 in
1110 1212 1194 1256 hac
1213 1214 1453 1274 quaestione
1475 1212 1664 1259 nolueris
1680 1252 1690 1268 ,

317 1297 392 1334 aut
405 1283 645 1349 praevidisti
663 1281 771 1345 quid
791 1280 953 1326 dicturi
974 1297 1157 1327 essemus
1173 1318 1183 1336 ,
1210 1291 1284 1326 aut
1302 1280 1564 1328 admonuisti
1586 1283 1693 1345 quid

315 1357 459 1403 dicere
483 1354 763 1406 deberemus;
795 1361 837 1396 et
862 1350 954 1395 aisti
975 1368 984 1394 :
1005 1371 1024 1390 c<
1042 1351 1154 1395 Tum
1181 1362 1390 1413 praeterea
1418 1351 1585 1397 accedit
1604 1353 1692 1398 hoc

313 1425 432 1489 quod
450 1423 621 1485 gravius
648 1432 722 1467 est.
755 1421 864 1465 Nam
890 1420 1032 1465 omnia
1057 1431 1236 1482 peccata
1267 1420 1470 1465 videntur
1499 1422 1691 1467 veniabi-

311 1495 419 1541 liora
435 1531 445 1551 ,
470 1510 569 1539 cum
594 1492 628 1537 is
652 1490 725 1553 qui
751 1506 846 1535 reus
867 1500 925 1535 est
952 1490 1261 1535 correctionem
1294 1491 1523 1552 promittit.
1552 1513 1572 1532 η
1596 1494 1690 1537 An—

310 1576 485 1629 tequam
510 1579 609 1622 ergo
633 1561 862 1607 discutiam
883 1595 893 1615 ‚
923 1559 1031 1622 quid
1059 1560 1112 1605 sit
1138 1560 1246 1605 illud
1275 1561 1445 1619 gravius
1461 1598 1471 1615 ,
1494 1563 1616 1624 quod
1640 1562 1684 1607 in

310 1633 506 1698 Epistola
519 1642 593 1678 tua
610 1630 824 1694 sequitur,
843 1629 928 1674 hoc
949 1630 1122 1674 interim
1141 1629 1259 1692 quod
1276 1629 1430 1675 dedisti
1448 1631 1682 1694 accipiam,

306 1721 444 1768 eoque
467 1713 565 1749 utar
586 1700 641 1747 ad
665 1699 821 1745 molem
846 1699 963 1745 lianc
985 1699 1266 1745 amovendam
1282 1737 1292 1755 ,
1315 1716 1398 1762 qua
1426 1711 1584 1746 nostrae
1609 1701 1684 1746 in-

306 1773 578 1820 tercessiones
589 1787 712 1833 posse
727 1769 903 1832 reprimi
920 1769 1196 1815 videbantur.
1222 1769 1323 1814 Ideo
1339 1769 1522 1832 quippe,
1542 1787 1684 1832 quan-

304 1855 399 1889 tum
422 1842 602 1888 facultas
628 1840 775 1893 datur,
804 1856 885 1900 pro
915 1840 1102 1900 peccatis
1124 1839 1328 1883 omnibus
1349 1840 1680 1893 intercedimu33

302 1914 407 1977 quia
441 1911 587 1958 omnia
614 1919 791 1972 peccata
826 1907 1031 1954 videntur
1064 1909 1373 1965 veniabiliora,
1410 1925 1509 1954 cum
1542 1910 1576 1955 is
1605 1913 1682 1973 qui

302 1999 398 2028 reus
431 1992 493 2026 est
526 1977 835 2025 correctionem
872 1977 1103 2040 promittit.
1145 1978 1251 2022 Haec
1288 1988 1359 2022 tua
1392 1988 1453 2023 est
1473 2014 1483 2033 ,
1515 1978 1610 2025 haec
1637 1988 1679 2024 et

301 2062 445 2098 nostra
475 2049 695 2095 sententia.

365 2121 448 2166 lll.
484 2117 612 2164 Nullo
644 2115 772 2161 modo
797 2131 896 2174 ergo
922 2116 1098 2178 culpas,
1124 2132 1229 2178 quas
1265 2116 1421 2176 corrigi
1446 2117 1641 2164 volumus
1659 2155 1672 2175 ,

298 2190 620 2254 approbamus,
646 2203 723 2230 nec
750 2185 867 2247 quod
895 2203 1121 2247 perperam
1149 2186 1451 2242 committitur,
1476 2187 1572 2233 ideo
1593 2205 1675 2234 vo-

295 2260 441 2306 lumus
461 2255 727 2318 impunitum
747 2271 833 2298 esse
852 2290 862 2308 ,
887 2257 988 2316 quia
1012 2254 1150 2315 placet
1171 2292 1179 2299 .
1207 2254 1275 2299 sed
1301 2255 1521 2300 hominem
1546 2257 1674 2302 mise-

296 2341 437 2376 rantes
453 2365 463 2381 ,
499 2327 663 2372 facinus
687 2335 828 2370 autem
855 2341 927 2369 seu
951 2324 1161 2382 flagitium
1187 2325 1445 2370 detestantes
1463 2363 1472 2380 ,
1505 2337 1668 2389 quanto

296 2400 428 2458 magis
461 2396 585 2442 nobis
611 2394 812 2456 displicet
839 2393 990 2438 vitium
1011 2430 1020 2447 ‚
1057 2405 1174 2437 tauto
1207 2394 1346 2438 minus
1374 2395 1572 2441 volumus
1596 2397 1668 2442 in-

293 2467 566 2516 emendatum
588 2465 762 2509 interire
783 2464 998 2508 vitiosum.
1024 2463 1165 2508 Facile
1189 2464 1301 2507 enim
1327 2474 1388 2508 est
1410 2476 1538 2527 atque
1557 2482 1666 2528 pro-

292 2541 402 2588 clive
423 2535 556 2582 malos
575 2533 735 2589 odisse,
760 2532 862 2596 quia
887 2531 987 2577 mali
1001 2543 1100 2577 sunt
1123 2550 1131 2576 :
1154 2549 1297 2577 rarum
1326 2543 1466 2579 autem
1487 2545 1527 2579 et
1541 2535 1665 2598 pium

291 2608 460 2656 eosdem
488 2606 601 2668 ipsos
624 2602 824 2661 diligere,
856 2602 958 2665 quia
990 2602 1185 2646 homines
1206 2613 1331 2656 sunt3
1357 2613 1401 2647 ut
1424 2603 1468 2648 in
1497 2621 1581 2649 uno
1602 2605 1662 2650 si-
