1799 3251
344 292 436 348 540
851 309 1209 342 ANnorArioNEs.

332 376 484 434 petivi
505 373 568 418 ab
602 391 671 429 eo,
715 385 766 419 uc
792 392 881 437 pro
905 393 981 421 me
1015 389 1199 424 oraret.
1238 394 1332 439 qao
1353 383 1521 440 potius
1556 396 1585 423 cz
1625 383 1718 424 Do-

343 448 471 489 mino
496 446 601 491 lalz's
614 448 810 505 fierem,
834 449 1025 511 qualem
1064 467 1139 495 me
1172 468 1268 495 esse
1277 453 1391 511 jam
1416 451 1616 497 crederet
1631 472 1648 507 ;
1670 465 1723 498 uc

344 535 451 563 eum
469 524 534 564 sic
555 521 877 577 admonerem,
903 533 1067 567 contra
1096 522 1229 587 quod
1247 524 1324 568 ille
1357 526 1593 586 sapiebat,
1642 527 1718 589 il)-

338 609 444 636 sam
464 610 655 656 quoque
675 597 932 655 justitiam,
955 614 1100 660 quam
1125 603 1174 642 in
1209 615 1285 642 me
1310 598 1608 644 laudandam
1620 617 1719 662 pa-

339 675 516 709 caverat
529 684 625 712 non
649 685 748 713 esse
772 668 989 725 volentis,
1021 688 1171 734 neque
1205 677 1449 730 currentis,
1477 673 1564 717 sed
1581 676 1719 717 mise·

343 740 485 783 rentis
510 743 610 797 Des,
624 752 706 786 etc,

696 897 959 929 ΑΝΝΟΤΑΤΙΟ
997 883 1065 946 (9)
1102 900 1203 947 pag.
1254 884 1355 930 153.

408 1013 685 1076 Opusculum
708 1016 903 1077 superius
926 1016 992 1061 bis
1009 1016 1215 1061 exhibent
1238 1016 1364 1062 MSS.
1391 1016 1556 1080 plures,
1573 1016 1720 1078 primo

341 1086 516 1148 quidem
541 1088 756 1147 integrum
786 1099 833 1133 ut
854 1090 926 1134 hic
946 1093 1081 1148 jacet,
1125 1090 1323 1134 nominat
1348 1090 1392 1134 in
1413 1088 1587 1134 exordio
1607 1087 1720 1132 reli-

337 1164 469 1220 giosa
490 1162 691 1218 fimmla
710 1164 800 1207 Dei
826 1163 1037 1207 Paulina
1060 1179 1070 1207 ε
1093 1173 1240 1221 postea
1274 1173 1415 1207 autem
1447 1171 1720 1207 contractum

342 1233 386 1277 in
401 1233 695 1280 brevissimam
715 1235 948 1298 epitomen,
965 1253 1051 1299 qua
1077 1236 1142 1280 vix
1176 1246 1330 1280 octava
1349 1239 1439 1295 ers
1458 1252 1558 1298 pars
1575 1234 1721 1280 conti-

340 1316 482 1361 netur,
509 1324 610 1371 quae
640 1326 692 1354 ve
718 1310 925 1372 Epistolae
955 1309 1094 1354 forma
1119 1310 1329 1354 scribitur
1367 1309 1562 1363 ltalc'coe,
1601 1308 1712 1353 inci-

339 1378 477 1441 piens,
511 1384 626 1425 Cam
642 1384 885 1443 petivisses
902 1394 951 1427 ut
965 1383 1025 1428 cle
1044 1382 1264 1428 invisibili
1284 1387 1383 1427 Deo
1403 1393 1484 1427 etc.

717 1542 978 1572 ANNOTATIO
1017 1526 1065 1588 (9
1104 1524 1192 1587 bis)
1231 1524 1340 1570 ibid.

403 1668 635 1715 Collationi
665 1668 997 1728 Carthaginensi
1018 1668 1215 1714 interfuit
1252 1668 1588 1714 Fortunatianus
1614 1667 1714 1714 Sic-

339 1743 491 1799 censis,
513 1753 626 1788 sexto
645 1743 832 1788 censitus
855 1742 951 1787 loco
983 1742 1095 1787 inter
1119 1759 1188 1787 eos
1212 1753 1374 1805 septem
1401 1742 1629 1804 episcopos
1642 1741 1718 1804 qui

339 1816 389 1861 ad
416 1816 732 1879 disputandum
750 1816 954 1861 adversus
981 1816 1225 1860 Donatistas
1247 1814 1372 1860 electi
1391 1815 1581 1860 fuerunt.
1610 1815 1720 1860 Suc-

338 1906 545 1935 cessorem
577 1890 777 1935 habuisse
798 1890 1012 1935 credimus
1030 1889 1276 1942 Urbanum,
1301 1888 1375 1951 qui
1397 1888 1587 1933 Siccensi
1604 1887 1716 1950 epis-

338 1980 477 2025 copus
498 1963 702 2009 laudatur
726 1964 768 2008 in
797 1980 827 2009 1.
857 1963 1029 2021 Fragm.
1058 1961 1112 2006 ad
1137 1961 1254 2006 hanc
1272 1961 1526 2020 dignitatem
1549 1972 1721 2006 evectus

338 2037 509 2082 circiter
533 2055 602 2083 an.
624 2037 731 2083 Chr.
756 2037 864 2093 413.
889 2037 950 2081 uti
973 2035 1230 2094 intelligitur
1249 2052 1294 2080 ex
1313 2034 1505 2098 Epistola
1530 2035 1721 2097 proxime

335 2111 546 2173 sequenti,
567 2129 609 2157 n.
642 2111 717 2166 34.

685 2272 940 2303 ANNOTATIO
978 2254 1080 2318 (io)
1118 2272 1217 2318 pag.
1270 2255 1369 2301 160.

397 2394 447 2437 In
482 2391 686 2437 omnibus
720 2389 846 2436 libris
883 2390 1088 2444 habetur,
1133 2388 1404 2434 Orientalis.
1452 2388 1718 2453 Quanquam

334 2465 604 2512 eruditorum
628 2463 796 2523 judicio
816 2462 1091 2526 probabilius
1119 2472 1179 2507 est
1208 2461 1446 2506 orationem
1467 2460 1584 2507 illam
1610 2463 1721 2509 inter

335 2556 465 2601 opera
492 2538 674 2596 Gregori
702 2536 962 2582 Nazianzeni
993 2534 1366 2599 quadragesimam
1393 2550 1569 2588 nonam,
1618 2551 1719 2597 quae

326 2612 398 2656 hic
418 2611 595 2666 citatur,
625 2626 711 2654 esse
730 2609 852 2653 latini
875 2608 1116 2671 scriptori5‚
1138 2606 1304 2652 fortean
1323 2606 1494 2651 alterius
1519 2607 1715 2665 Gregorii
