1799 3251
561 278 771 308 Brisa-ora
808 278 945 309 ctvu.
1375 265 1465 311 265

93 342 180 389 hoc
222 342 350 389 modo
387 342 570 421 perdere
607 342 899 388 existimaret:
931 366 950 385 >2
986 345 1039 389 Et
1059 343 1260 400 habebis,
1300 345 1462 409 inquit,

95 414 406 459 »thesaurum
396 431 438 459 in
458 413 637 459 coelis.»
657 412 822 458 Deinde
837 412 1035 459 addidit:
1062 436 1081 455 «
1105 415 1269 461 Etveni
1293 433 1467 479 sequere

98 483 253 530 ›·›me1
243 520 254 530 .
273 507 292 527 ›>
312 502 364 530 ne
381 484 602 548 cuiquam,
635 501 735 530 cum
758 484 853 529 baec
877 484 1043 540 fecerit,
1073 485 1234 549 aliquid
1262 486 1463 550 prodesse

100 555 378 611 existimetur
408 554 441 600 si
471 572 557 599 non
579 554 773 617 sequitur
810 554 1048 601 Christum.
1090 557 1146 601 At
1181 554 1252 602 ille
1290 557 1467 620 quidem

102 625 233 671 tristis
250 625 465 680 abscessit,
477 625 551 688 qui
568 625 722 670 viderit
739 624 1108 688 quemadmodum
1123 626 1195 672 illa
1214 628 1336 687 Legis
1355 646 1471 674 man-

101 696 201 743 data
233 707 474 742 servaverat
501 714 511 741 :
540 707 650 759 puto
675 698 787 741 enim
813 696 932 759 quod
967 713 1008 741 se
1033 698 1300 757 arrogantius
1337 715 1468 762 quarn

99 767 239 814 verius
262 783 445 813 servasse
466 766 766 830 responderat.
788 766 1092 812 Verumtamen
1113 768 1311 828 magister
1329 769 1471 815 bonus

99 837 305 883 mandata
323 837 446 896 Legis
472 837 526 882 ab
554 837 635 882 ista
659 836 954 882 excellentiore
973 837 1235 900 perfectione
1258 838 1464 887 distinxit.

100 906 169 952 lbi
193 908 307 952 enim
326 906 432 952 dixit
455 924 465 952 ι
487 928 507 948 «
530 907 574 952 Si
599 907 661 953 vis
691 907 835 952 venire
857 907 910 953 ad
937 908 1065 953 vitam
1092 926 1211 955 serva
1235 910 1463 957 mandata:

93 977 208 1023 »hic
235 989 395 1033 autem,
415 978 459 1023 Si
497 978 561 1023 vis
600 977 818 1040 perfectus
856 995 958 1034 esse,
989 978 1116 1034 vade,
1148 980 1287 1026 vende
1322 983 1469 1027 omnia

93 1064 193 1111 quae
215 1048 368 1104 habes,
389 1059 471 1095 etc.
498 1069 518 1090 ›>
540 1049 631 1094 Cur
648 1066 748 1109 ergo
771 1067 977 1109 negamus
1000 1050 1169 1105 divites,
1198 1052 1396 1114 quamvis
1413 1052 1470 1098 ab

94 1117 168 1163 illa
185 1117 448 1181 perfectione
473 1119 633 1175 absint,
661 1120 806 1165 venire
833 1131 975 1166 tamen
992 1121 1045 1167 ad
1071 1123 1221 1178 vitam,
1245 1133 1285 1168 et
1301 1123 1332 1168 si
1353 1140 1474 1168 man-

94 1187 195 1233 data
212 1189 490 1243 servaverint,
513 1199 554 1234 et
573 1189 771 1235 dederint
792 1200 840 1236 ut
879 1190 1008 1236 detur
1031 1191 1114 1238 illis
1129 1230 1139 1249 ‚
1167 1204 1207 1239 et
1231 1193 1471 1239 dimiserint

95 1268 143 1304 ut
170 1258 415 1304 dimittatur
437 1259 549 1306 illis?

158 1329 320 1376 XXVI.
359 1330 586 1376 Credimus
622 1331 735 1376 enim
783 1332 1028 1378 ministrum
1071 1333 1183 1379 Novi
1207 1334 1472 1380 Testamenti

93 1397 222 1444 fuisse
244 1399 487 1462 apostolum
513 1400 696 1446 Paulum
716 1437 726 1455 ‚
753 1418 853 1447 cum
878 1403 1072 1448 scribens
1109 1403 1163 1448 ad
1190 1403 1474 1450 Timotheum

96 1467 288 1514 diceret:
315 1490 334 1508 τ
354 1470 554 1534 Praecipe
577 1470 789 1517 divitibus
826 1471 958 1531 hujus
997 1472 1151 1519 mundi
1175 1491 1262 1520 non
1287 1474 1472 1554 superbe

96 1561 116 1582 2>
142 1556 313 1604 sapere,
330 1558 468 1618 neque
487 1559 658 1605 sperare
675 1543 720 1588 in
735 1543 898 1589 incerto
916 1544 1002 1590 div
979 1545 1198 1602 ltiarum,
1221 1545 1325 1592 sed
1314 1564 1359 1592 1n
1380 1548 1472 1592 Deo

97 1631 117 1653 ³>
141 1610 268 1666 vivo,
301 1611 378 1674 qui
404 1622 583 1674 praestat
608 1612 735 1658 nobis
769 1613 912 1659 omnia
939 1614 1214 1661 abundanter
1245 1616 1298 1662 ad
1322 1616 1474 1662 fruen-

98 1701 119 1722 »
138 1679 259 1728 dum.
287 1685 399 1727 Bene
421 1680 613 1738 faciant,
641 1682 796 1728 divites
816 1684 901 1729 sint
923 1685 968 1729 in
996 1685 1205 1747 operibus
1227 1687 1380 1742 bonis,
1403 1685 1472 1731 fa-

97 1772 118 1792 »
145 1751 226 1797 cile
252 1751 478 1808 tribuant,
506 1755 856 1807 communicent,
881 1754 1171 1800 thesaurizent
1195 1756 1279 1802 sibi
1306 1723 1471 1802 furida-

100 1843 120 1862 »
141 1831 332 1867 mentum
351 1822 518 1867 bonum
539 1823 583 1867 in
605 1822 802 1869 futurum
821 1861 831 1880 ‚
853 1835 900 1870 ut
918 1825 1252 1888 apprehendant
1267 1837 1470 1873 aeternam

99 1912 119 1932 »
140 1890 274 1937 vitam
289 1892 306 1920 2
329 1909 340 1937 ς
363 1913 383 1933 n
404 1892 456 1937 de
470 1909 557 1956 qua
575 1903 615 1937 et
630 1893 691 1939 illi
714 1893 975 1940 adolescenti
994 1895 1160 1941 dictum
1179 1908 1241 1942 est
1265 1914 1275 1942 :
1298 1918 1317 1939 «
1341 1898 1385 1942 Si
1409 1898 1472 1944 vis

98 1983 119 2003 »
143 1962 288 2008 venire
310 1962 534 2009 advitam.
562 1983 582 2003 »
609 1967 720 2009 Puto
755 1964 875 2027 quod
900 1965 979 2010 ista
1002 1966 1261 2030 praecipiens
1281 2004 1290 2022 ‚
1322 1967 1475 2014 divites

98 2033 362 2089 instruebat,
386 2050 476 2079 non
511 2033 690 2080 fallebat
714 2035 978 2097 Apostolus:
1008 2037 1082 2099 qui
1115 2054 1201 2082 non
1225 2037 1284 2083 ait
1310 2055 1320 2082 :
1345 2038 1471 2084 Prae-

100 2104 198 2167 cipe
222 2103 433 2150 divitibus
458 2104 590 2164 hujus
617 2104 798 2161 mundi,
822 2117 868 2151 ut
886 2106 1076 2152 vendant
1095 2107 1241 2153 omnia
1266 2125 1366 2171 quae
1389 2108 1476 2154 ha-

98 2174 237 2230 bent,
267 2174 371 2220 dent
396 2175 667 2238 pauperibus
687 2214 697 2232 ,
735 2186 776 2220 et
806 2188 1042 2240 sequantur
1077 2178 1340 2236 Dominum3
1374 2179 1471 2235 sed,

100 2265 120 2287 «
147 2246 246 2290 Non
269 2246 456 2308 superbe
478 2262 627 2308 sapere
648 2283 657 2301 ‚
688 2263 826 2310 neque
845 2265 1016 2310 sperare
1036 2248 1081 2293 in
1111 2249 1277 2294 incerto
1296 2248 1475 2296 divitia-

98 2335 122 2359 >a
149 2332 264 2362 rum.
290 2336 310 2357 »
337 2317 422 2360 Ista
439 2315 644 2378 superbia
668 2315 846 2362 divitem
872 2317 995 2363 illum
1011 2355 1021 2373 ‚
1048 2318 1122 2381 qui
1143 2322 1356 2377 jacentem
1379 2330 1475 2366 ante

97 2391 275 2446 januam
315 2402 437 2432 suam
478 2387 785 2433 contemnebat
822 2406 1060 2451 pauperem
1096 2391 1260 2447 J‘ustum
1281 2427 1291 2444 ,
1318 2401 1358 2435 et
1395 2391 1474 2436 ista

102 2473 197 2520 spes
222 2457 267 2502 in
296 2456 462 2502 incerto
495 2456 772 2515 divitiarum,
807 2475 894 2521 qua
925 2476 967 2504 se
995 2469 1435 2523 propterpurpuram
1456 2498 1467 2516 ,

151 2567 253 2597 ¹1.uc.
272 2576 370 2603 xvrrr,
389 2575 443 2595 22.
464 2582 507 2588 —-
524 2562 540 2585 2
562 2576 573 2595 1
593 2565 675 2598 Tim.
695 2577 738 2605 vr,
761 2577 881 2607 17·¹9·
