1799 3251
366 246 426 308 96
785 257 818 288 s,
863 256 1103 287 anensium
1140 256 1342 287 nriscom

372 340 414 374 et
433 327 573 374 factus
592 335 654 370 cst
673 324 806 370 honio
847 323 892 368 in
925 323 1111 368 animani
1148 321 1339 378 vivam1‚
1379 332 1427 368 ut
1463 321 1665 384 deinceps
1687 337 1733 366 ex

363 412 545 463 utraque
566 416 610 443 re
636 397 857 459 utriusque
876 396 934 440 rei
955 411 1148 458 propago
1178 394 1436 442 decurreret.

431 473 509 517 lx.
539 470 842 515 Verumtamen
871 467 904 512 si
923 465 1031 511 illud
1054 476 1114 511 est
1131 482 1276 510 verum
1297 502 1308 521 ,
1328 465 1446 529 quod
1463 466 1625 511 animas
1648 483 1735 512 non

364 560 410 588 ex
430 541 501 587 illa
526 556 610 584 una
636 547 894 601 propagatas
917 573 927 592 ,
949 536 1022 581 sed
1044 536 1147 582 alibi
1171 546 1331 581 creatas
1354 536 1530 595 singulis
1549 536 1736 597 singulas

366 614 480 658 Deus
496 609 592 664 dat,
612 610 738 653 etiam
755 606 862 652 huic
879 606 1099 651 sententiae
1114 606 1314 664 congruit
1331 606 1450 668 quod
1465 605 1630 651 dictum
1646 617 1732 652 est:

367 705 386 723 «
420 681 608 744 Spiritus
641 687 879 723 revertatur
905 676 957 721 ad
985 677 1121 720 Deum
1139 712 1149 730 ‚
1183 675 1258 737 qui
1291 675 1411 720 dedit
1440 693 1552 722 eum.
1579 696 1598 718 »
1626 676 1738 722 Solae

367 769 465 811 ergo
492 747 778 812 rcliquaeduae
805 747 1030 810 opiniones
1046 745 1248 791 videntur
1268 746 1460 799 excludi3
1482 747 1584 809 quia
1606 746 1639 791 si
1658 747 1738 791 fie-

368 833 461 868 rent
489 821 530 866 in
558 818 733 877 singulis
755 816 1015 861 hominibus
1036 816 1192 860 animae
1217 817 1411 879 propriae
1427 854 1437 872 ‚
1462 834 1561 862 cuin
1585 834 1738 862 ercan-

370 903 459 946 tur,
494 906 580 935 non
608 898 789 951 putatur
808 886 896 931 dici
920 885 1117 942 debuisse
1141 903 1152 929 z
1177 906 1196 926 α
1217 886 1404 948 Spiritus
1427 898 1666 932 revertatur
1687 886 1739 932 ad

370 984 392 1005 »
416 963 577 1015 Deum,
605 958 680 1021 qui
705 957 826 1002 dedit
845 972 943 1001 euin
971 993 980 1012 ,
1005 977 1025 997 ›>
1043 955 1115 1001 sed
1140 954 1195 1000 ad
1221 957 1357 1002 Deum
1374 994 1384 1010 ‚
1407 957 1481 1019 qui
1501 955 1603 1002 fecit
1621 974 1733 1002 euin.

371 1055 392 1074 (ι
412 1031 580 1078 Dedit»
607 1029 721 1073 enim
756 1027 886 1073 veluti
918 1027 978 1072 sic
1016 1036 1165 1082 sonat,
1201 1027 1321 1089 quasi
1346 1031 1437 1087 jani
1470 1038 1582 1073 extra
1611 1026 1742 1073 fuerit

372 1101 490 1166 quod
511 1099 604 1145 dari
628 1108 784 1161 posset.
814 1096 978 1142 Deinde
1003 1096 1121 1159 quod
1138 1094 1305 1142 dictum
1325 1109 1387 1142 est
1410 1115 1420 1142 ε
1444 1119 1462 1138 c<
1485 1099 1743 1145 Revertatur

373 1195 394 1216 >2
413 1171 467 1218 ad
487 1172 619 1215 Deum
642 1205 652 1223 ‚
676 1189 694 1208 υ
721 1177 872 1226 urgent
891 1167 1024 1212 verbo
1050 1177 1090 1211 et
1108 1178 1340 1229 premunt,
1368 1166 1556 1213 dicentes
1578 1185 1588 1212 ε
1614 1168 1742 1224 Quo-

373 1242 504 1290 modo
518 1249 771 1293 revertetur,
796 1237 872 1282 ubi
891 1254 1114 1300 nunquam
1140 1248 1263 1282 antea
1286 1238 1441 1284 fucrit?
1460 1239 1611 1284 Potius
1629 1238 1744 1283 enim

373 1313 463 1359 dici
483 1310 680 1357 debuisse
708 1319 926 1362 asserunt,
951 1317 991 1352 et
1010 1306 1062 1352 ad
1080 1309 1218 1353 Deum
1238 1307 1300 1353 vel
1321 1320 1494 1371 pergat,
1526 1308 1592 1355 vel
1616 1307 1745 1354 vadat

374 1383 428 1430 ad
455 1383 619 1435 Deum,
652 1395 782 1441 quam
811 1387 1049 1422 revertatur
1074 1376 1129 1422 ad
1162 1380 1329 1433 Deum,
1357 1379 1390 1424 si
1412 1395 1634 1442 nunquam
1654 1377 1744 1423 illic

374 1464 498 1500 antea
528 1450 702 1514 spiritus
731 1449 807 1493 iste
830 1447 956 1492 fuisse
994 1446 1233 1493 credendus
1266 1459 1340 1495 est.
1382 1450 1489 1494 Item
1522 1447 1745 1512 quomodo

375 1525 530 1571 animae
562 1529 713 1584 sponte
752 1518 957 1563 labantur
993 1519 1036 1563 in
1068 1535 1251 1582 corpus,
1286 1536 1384 1565 Cum
1412 1521 1625 1583 scriptum
1661 1519 1742 1564 sit:

376 1617 395 1637 «
427 1593 555 1639 Dedit.
587 1607 712 1639 euin,
740 1610 760 1629 ›>
787 1606 873 1634 non
913 1600 996 1634 tam
1034 1590 1078 1634 in
1102 1601 1311 1653 promptu
1338 1603 1398 1637 est
1422 1592 1651 1654 explicare.
1684 1591 1748 1635 Ac

376 1682 453 1729 per
477 1664 562 1709 hoc
582 1699 592 1717 ‚
624 1671 671 1706 ut
701 1660 785 1705 dixi
806 1697 816 1715 ,
841 1659 940 1704 duze
964 1660 1056 1705 istae
1086 1662 1310 1723 opiniones
1333 1663 1415 1708 sub
1451 1662 1594 1708 verbis
1614 1661 1747 1721 hujus

376 1733 606 1781 testimonii
631 1730 846 1775 laborant.
876 1731 965 1774 Una
982 1767 992 1783 ‚
1021 1747 1106 1792 qua
1129 1742 1343 1793 putantur
1357 1733 1536 1793 singulae
1559 1747 1748 1795 quaeque

377 1805 532 1851 animae
545 1804 589 1848 in
603 1800 777 1860 singulis
795 1800 881 1845 suis
896 1801 1157 1863 corporibus
1175 1802 1289 1853 fieri;
1311 1801 1389 1847 alia
1406 1840 1416 1858 ,
1434 1819 1519 1866 qua
1536 1812 1754 1865 putantur>

378 1877 422 1921 in
447 1890 630 1937 corpora
655 1881 806 1933 sponte
828 1870 1030 1930 demergi.
1070 1872 1252 1917 Duabus
1277 1884 1418 1919 autem
1452 1873 1559 1929 illis,
1587 1872 1673 1918 sive
1694 1871 1748 1918 de

380 1944 556 1991 traduce
587 1941 701 1987 illius
726 1940 852 1985 unius
880 1941 1083 1997 veniant,
1117 1941 1204 1987 sive
1240 1952 1361 1988 antea
1393 1946 1486 2003 jam
1513 1953 1669 1989 creatae
1703 1952 1745 1987 et

380 2013 498 2078 apud
519 2015 657 2058 Deum
676 2011 923 2056 constitutae
942 2048 952 2066 ,
976 2011 1152 2071 singulis
1165 2013 1426 2076 corporibus
1447 2013 1604 2060 dentur
1620 2049 1631 2069 ,
1659 2013 1749 2058 sine

381 2087 528 2132 labore
553 2082 686 2128 verba
712 2081 790 2126 ista
816 2092 1090 2144 coaptantur.

446 2156 500 2202 X.
532 2155 586 2198 Et
610 2163 749 2198 tamen
770 2153 803 2197 si
821 2163 1043 2199 assertores
1067 2157 1158 2213 ejus
1181 2155 1404 2201 sententize
1419 2192 1429 2211 ‚
1457 2172 1542 2218 qua
1560 2154 1750 2201 credun·

383 2239 452 2273 tur
471 2225 624 2271 anirnae
647 2223 690 2268 in
715 2224 799 2267 suis
821 2223 996 2283 singulis
1022 2225 1280 2286 corporibus
1307 2226 1398 2270 fieri
1413 2261 1422 2277 ‚
1456 2226 1671 2272 affirment
1693 2227 1752 2273 ita

382 2314 468 2343 esse
491 2295 654 2340 dictum
678 2293 730 2338 de
750 2294 906 2355 spiritu
921 2330 933 2350 ,
954 2295 1029 2357 qui
1046 2312 1125 2357 pro
1150 2296 1290 2341 anima
1310 2297 1474 2359 positus
1491 2308 1577 2342 est:
1599 2317 1619 2337 ε(
1641 2299 1752 2344 Deus

386 2389 406 2409 »
431 2364 551 2412 dedit
569 2379 665 2409 eum
685 2399 696 2418 ‚
726 2385 746 2404 »
773 2362 1142 2425 quemadmodum
1164 2376 1276 2411 recte
1301 2365 1463 2411 dieitur
1485 2365 1655 2412 dedisse
1675 2384 1752 2413 no-

384 2437 452 2482 bis
474 2432 648 2487 ocuIOS‚
673 2431 740 2478 vel
767 2448 887 2478 aures
903 2468 914 2489 ,
948 2432 1015 2479 vel
1052 2450 1203 2480 manus
1221 2471 1232 2490 ,
1264 2434 1330 2482 vel
1352 2435 1581 2499 quodlibet
1607 2436 1724 2483 aliud
1740 2473 1752 2493 ‚

384 2522 484 2572 quae
515 2502 707 2549 membra
743 2502 890 2566 utique
923 2519 1008 2550 non
1047 2514 1162 2550 extra
1184 2509 1276 2565 jam
1315 2506 1498 2563 fecerat,
1527 2517 1568 2553 et
1594 2506 1754 2554 alicubi

434 2589 442 2610 ¹
463 2588 546 2618 Gen.
568 2596 604 2621 ιι,
628 2595 659 2624 7.
