1799 3251
326 316 414 363 292
742 312 776 341 s,
819 309 1063 341 Auens'sml
1100 306 1305 339 EMSCOPI

326 391 426 426 sunt
454 398 463 424 :
495 378 554 424 sic
578 377 716 423 multo
749 376 883 436 magis
907 376 995 421 sine
1024 374 1131 420 Filio
1150 412 1160 430 ‚
1186 374 1274 419 hoc
1298 382 1382 428 est,
1410 371 1498 418 sine
1529 369 1693 416 ratione

325 451 571 511 incognitus
590 459 651 494 est
674 449 802 494 Deus,
837 446 956 503 Quid
981 446 1129 491 enim?
1156 447 1222 490 An
1255 442 1488 508 aliquando
1509 442 1598 488 sine
1619 459 1695 487 ra-

326 522 441 567 tione
469 522 598 566 Pater
624 518 770 578 alogus
794 517 907 563 fuit?
934 517 1042 573 Quis
1075 517 1161 562 hoc
1190 515 1347 561 audeat
1379 514 1547 560 dicere?
1574 514 1693 572 Cog-

325 590 594 637 noscendum
617 589 761 651 itaque
778 588 941 634 ratione
967 589 1106 633 Deum
1126 603 1263 632 unum
1283 603 1329 631 ex
1350 602 1454 643 uno,
1474 584 1540 630 vel
1557 599 1695 629 unum

323 661 368 707 in
397 677 484 706 uno
503 660 631 705 simul
653 675 789 705 unum
807 675 892 704 esse
914 676 925 704 ε
948 658 1053 722 quia
1071 674 1181 703 unus
1199 668 1260 702 est
1278 658 1392 702 Deus
1412 693 1423 712 ,
1439 655 1512 701 cui
1527 670 1695 700 necesse

323 742 384 777 est
418 731 536 777 illam
578 732 710 776 inesse
749 729 1023 775 dilectionem
1071 745 1202 792 quam
1244 744 1412 790 semper
1444 724 1695 771 habendam

320 802 413 866 ipsa
437 802 546 847 ratio
570 801 718 859 docet,
742 800 811 847 vel
833 802 947 846 Deus
971 799 1178 863 praecipit
1197 798 1474 845 dilectionem
1492 795 1696 842 exhiben-

322 870 422 917 dam
447 888 546 918 esse.
576 893 596 913 >2

321 1028 1570 1046 §5³§smsmwmmmmumntmwxmswxmmmwsmsnns
1576 1028 1633 1039 m
1640 1027 1697 1039 m

759 1143 1025 1187 EPISTOLA
1062 1143 1190 1186 CLXI
1207 1145 1237 1185 ¹.

318 1275 488 1316 Domino
508 1284 639 1315 sancto
659 1274 939 1314 venerabiliter
967 1274 1219 1314 dilectissimo
1238 1274 1352 1314 fratri
1371 1283 1411 1314 et
1431 1275 1695 1315 consacerdoti

373 1341 595 1378 Auensmo
627 1346 665 1376 et
695 1337 886 1376 fratribus
913 1337 983 1389 qui
1012 1346 1144 1375 tecum
1173 1347 1288 1386 sunt,
1307 1337 1478 1377 Evomns
1502 1346 1540 1377 et
1556 1338 1696 1377 fratres

372 1401 441 1453 qui
460 1413 619 1438 mecum
638 1408 729 1438 sunt
748 1398 915 1438 salutem
935 1400 976 1436 in
995 1398 1179 1437 Domino.

322 1522 520 1565 Evodius
546 1522 795 1579 Augustino
817 1522 868 1563 de
885 1537 930 1563 eo
952 1525 1066 1577 quod
1088 1523 1303 1579 scriptum
1325 1533 1382 1565 est
1407 1524 1457 1563 in
1488 1523 1564 1579 157
1584 1522 1694 1580 epis-

380 1590 464 1630 tola
485 1591 545 1630 ad
573 1589 889 1637 Volusianum,
915 1590 957 1631 Si
987 1590 1090 1631 ratio
1114 1591 1330 1646 quaeritur,
1357 1606 1439 1632 non
1464 1591 1541 1632 crit
1566 1592 1693 1632 mira-

378 1655 481 1705 bile,
504 1665 605 1704 etc„
632 1673 714 1710 quo
733 1659 846 1699 dicto
863 1657 989 1699 abaci
1003 1673 1070 1699 eos
1088 1673 1206 1713 posse
1223 1658 1424 1706 ostendit,
1445 1659 1521 1713 qui
1537 1658 1696 1700 vellem

381 1727 595 1781 corporeis
615 1726 750 1767 oculis
771 1741 797 1766 a
828 1726 1000 1767 Christo
1018 1727 1161 1769 Deum
1184 1727 1350 1775 videri,
1377 1737 1529 1767 contra
1562 1739 1696 1781 quam

380 1793 525 1834 (locuit
549 1793 828 1850 Augustinus
848 1794 895 1833 ιή
917 1809 971 1850 92
997 1795 1175 1850 epistola
1197 1794 1256 1836 ad
1273 1793 1494 1836 Italicam.

387 1923 422 1968 Ι.
454 1943 473 1963 <‹
489 1921 583 1967 Pssn
607 1921 818 1967 ,lobinum
841 1921 916 1983 qui
946 1921 997 1966 ad
1022 1921 1331 1984 possessionem
1356 1922 1695 1968 Marcianensem

321 1991 474 2037 missus
491 2001 581 2036 erat
599 2027 609 2045 ,
644 1990 812 2036 dudum
836 2008 967 2036 unam
988 1992 1270 2054 quaestionem
1292 1991 1345 2037 dc
1366 1993 1529 2037 ratione
1547 2003 1588 2038 et
1603 1995 1694 2038 Deo

322 2060 447 2106 missa
474 2060 668 2123 Epistola
693 2077 784 2105 mea
809 2061 1095 2121 interrogavi,
1121 2066 1246 2120 quus
1270 2061 1417 2107 adhuc
1442 2079 1695 2125 responsum

322 2148 410 2176 non
437 2131 589 2177 merui.
633 2130 716 2175 Sed
751 2130 853 2193 quia
888 2131 1103 2193 Epistolas
1140 2131 1377 2176 sanctitatis
1409 2142 1522 2186 tuae,
1564 2148 1695 2178 unam

324 2201 377 2247 ad
404 2200 612 2246 illustrem
636 2201 776 2245 virum
806 2200 1088 2246 Volusianum
1110 2239 1119 2256 ‚
1149 2212 1188 2246 et
1214 2201 1391 2247 alteram
1413 2201 1467 2246 ad
1498 2201 1693 2248 Italicam

322 2271 530 2317 illustrem
553 2272 598 2317 in
631 2271 806 2317 Christo
829 2271 1054 2317 foeminam
1082 2272 1126 2317 in
1164 2272 1366 2317 manibus
1400 2272 1584 2332 legentes
1609 2272 1694 2318 ha-

321 2343 515 2399 buimus,
539 2342 730 2388 occurrit
746 2339 864 2405 quod
882 2342 925 2387 in
949 2343 1094 2405 priore
1114 2342 1309 2405 Epistola
1328 2342 1381 2388 de
1400 2343 1576 2387 Domini
1592 2343 1695 2388 Jesu

324 2413 489 2460 Christi
522 2413 599 2458 Dei
625 2414 759 2458 nostri
784 2412 946 2458 carnali
977 2414 1020 2457 in
1056 2412 1220 2472 virgine
1246 2413 1530 2475 conceptione
1548 2449 1559 2466 ‚
1587 2423 1628 2458 et
1648 2429 1695 2457 ex

323 2500 371 2529 ea
394 2483 828 2546 nativitateposuisti,
852 2483 895 2528 Si
915 2484 1023 2528 ratio
1037 2483 1249 2546 quaeritur
1266 2500 1354 2528 non
1374 2483 1454 2528 erit
1470 2481 1690 2527 mirabile:

372 2583 383 2605 ¹
402 2583 490 2615 Alias
516 2593 655 2615 ccxnvu.
686 2593 757 2626 quae
787 2588 894 2615 autem
930 2583 990 2615 161
1027 2588 1113 2625 erat,
1147 2593 1233 2615 nunc
1266 2589 1324 2624 49.
1350 2600 1392 2608 —-
1420 2582 1544 2624 Scripta
1570 2580 1696 2614 videtur

322 2648 377 2673 an,
401 2644 480 2676 414.
