1799 3251
344 265 426 309 168
755 278 789 308 s,
832 279 1077 309 Accusrim
1112 280 1314 311 EPISCOPI

337 344 469 388 simus
498 343 624 388 homo
647 360 734 388 non
762 343 899 389 solum
920 345 1044 390 bonis
1072 346 1275 408 operibus
1295 346 1367 392 sed
1391 347 1521 393 etiam
1543 345 1701 394 sanctis

336 431 406 457 or:
399 415 487 458 extio
497 432 518 457 ι·
513 415 606 458 'bus
632 414 727 458 tuis.

402 486 458 530 ll.
491 487 521 527 i
529 486 663 529 i¹terae
686 502 784 529 sane
810 486 1091 531 venerationis
1118 498 1222 541 tri-ee,
1247 487 1471 532 ubimulta
1490 487 1695 550 quaesisti,

332 566 372 599 ct
397 554 628 617 quaerenda
662 553 941 609 admonuisti,
980 568 1020 600 et
1050 556 1287 619 quaerendo
1326 556 1530 612 docuisti,
1559 556 1611 602 ad
1632 575 1700 604 me

330 635 630 687 pervenerunt.
657 624 740 669 Sed
769 642 876 688 quas
900 626 989 688 ipse
1015 627 1226 672 continuo
1245 627 1444 689 rescripsi
1460 644 1538 690 per
1553 627 1700 673 horni-

328 713 398 741 nes
409 693 656 740 eorumdem
675 706 925 741 sanctorum
944 696 1195 741 solatiorum
1215 707 1480 751 nostrorum,
1496 697 1609 742 sicut
1629 697 1698 743 his

332 766 412 810 tuis
433 765 743 810 recentioribus
767 768 1073 829 coniperi‚non
1098 778 1194 812 sunt
1224 766 1406 812 redditae
1430 767 1698 813 venerationi

329 846 427 880 tuae,
466 836 513 879 ln
541 835 702 897 quibus
743 836 947 898 quidem,
980 848 1193 900 quatenus
1217 836 1266 881 ad
1307 837 1568 897 interrogata
1608 854 1700 883 res-

330 903 575 967 ponderim,
601 905 783 950 recolere
802 923 889 950 non
908 906 1025 951 valui
1042 924 1052 951 ·.
1077 923 1155 951 nec
1173 922 1319 951 earum
1339 907 1583 970 exemplum
1597 923 1699 953 cum

328 975 622 1038 requisissem,
656 975 732 1020 ubi
757 976 843 1021 hoc
870 994 1034 1039 possem
1070 993 1400 1035 recognoscere,
1441 977 1602 1023 inveni.
1632 977 1700 1023 Ad

328 1044 537 1089 nonnulla
575 1055 717 1090 tamen
743 1062 809 1089 me
838 1046 1107 1108 respondisse
1134 1058 1275 1091 certus
1317 1046 1493 1091 omnino
1521 1063 1634 1102 sum,
1660 1056 1702 1091 et

327 1114 425 1159 ideo
444 1132 529 1159 non
555 1114 604 1159 ad
632 1116 794 1170 omnia,
819 1116 921 1178 quia
946 1127 992 1161 ut
1018 1116 1103 1161 cito
1125 1117 1312 1170 finirem,
1340 1115 1551 1161 festinatio
1564 1115 1701 1179 perla-

331 1186 433 1230 toris
474 1186 668 1244 urgebat.
703 1186 843 1231 Simul
868 1187 994 1232 etiam
1024 1187 1247 1235 miseram.
1276 1187 1387 1231 sicut
1421 1186 1619 1245 jusseras,
1661 1195 1704 1231 et

327 1255 444 1301 illius
465 1255 658 1318 epistolae
672 1256 933 1319 exemplum,
960 1273 1091 1319 quam
1111 1266 1198 1301 tuae
1216 1255 1424 1301 charitati
1449 1254 1567 1318 apud
1588 1255 1701 1300 Car-

326 1326 545 1384 thaginem
568 1325 619 1370 de
643 1343 879 1388 corporum
915 1327 1227 1371 resurrectione
1257 1326 1583 1388 rescripseram,
1623 1324 1702 1371 ubi

327 1395 379 1439 de
404 1412 479 1439 usu
503 1395 796 1441 membrorum
825 1397 1005 1441 exhorta
1035 1407 1126 1441 erat
1152 1396 1350 1459 quaestio.
1382 1396 1511 1441 Nunc
1537 1412 1636 1455 ergo
1660 1405 1702 1440 et

328 1464 414 1510 hoe
443 1465 533 1509 misi
557 1476 597 1509 et
623 1465 804 1510 alterum
835 1466 1024 1521 alterius,
1053 1467 1155 1530 quia
1196 1483 1274 1511 nec
1300 1463 1438 1528 ipsam
1476 1465 1522 1510 in
1545 1481 1701 1510 manus

328 1546 421 1579 tuas
442 1535 681 1598 pervenisse
702 1537 885 1595 conjeci,
905 1552 953 1580 eo
975 1536 1093 1598 quod
1109 1537 1264 1581 iterum
1289 1534 1562 1594 interrogasti
1578 1551 1701 1597 quae-

327 1604 444 1658 dam,
470 1621 567 1665 (μιῇ),
586 1608 677 1663 jam
707 1622 775 1649 me
799 1606 842 1649 in
865 1623 911 1650 ea
930 1606 1197 1668 respondisse
1218 1605 1310 1665 lego
1328 1615 1370 1650 et
1386 1620 1583 1663 agnosc0.
1616 1603 1701 1649 Sed

327 1675 448 1719 istam
470 1691 546 1736 por
559 1691 687 1737 quem
708 1674 934 1720 direxerim
961 1677 1117 1721 neseio.
1152 1675 1324 1738 Scripta
1351 1674 1517 1737 quippe
1542 1673 1700 1718 Chari-

329 1744 424 1788 tatis
450 1754 553 1790 tuuf.
587 1744 747 1806 quibus
775 1761 867 1789 cam
906 1745 1076 1790 reddidi
1104 1745 1214 1790 sicut
1250 1745 1375 1789 etiam
1399 1744 1493 1807 ipsa
1515 1742 1696 1796 indicat,

328 1815 451 1859 missa
481 1825 578 1858 sunt
601 1813 707 1859 mihi
741 1815 794 1859 ab
821 1816 1028 1878 Hippone
1055 1834 1076 1861 a
1101 1815 1275 1869 nostris,
1302 1832 1402 1860 cum
1429 1830 1560 1859 essem
1583 1812 1700 1875 apud

327 1899 522 1930 sanctum
559 1885 734 1929 fratrem
770 1896 808 1930 et
855 1887 1168 1949 coepiscopum
1193 1896 1389 1930 nostrum
1424 1883 1697 1929 Bonifacium

328 1956 342 2007 ἴ
360 1971 456 1999 nam
478 1971 624 1998 eorum
652 1953 907 2017 perlatorem
935 1973 1022 2001 non
1047 1955 1180 2015 vidi,)
1200 1966 1241 2000 et
1263 1955 1472 2000 continuo
1493 1953 1700 2015 rescripta

329 2042 414 2069 non
431 2024 494 2069 dis
502 2024 592 2070 tuli.

394 2096 476 2140 lii.
531 2099 605 2140 [ἐς
597 2112 785 2156 sponsa)
821 2096 886 2140 ml
913 2101 1220 2160 (sucessconem
1270 2096 1329 2140 de
1371 2095 1546 2141 Psczlm.
1588 2111 1663 2140 xvr
1687 2128 1697 2145 ,

336 2182 346 2209 ι
364 2187 405 2242 4.
426 2194 487 2198 —-
505 2165 619 2220 Quia
641 2182 740 2224 ergo
767 2176 903 2219 tunc
928 2167 1039 2211 sicut
1068 2166 1244 2229 scripsi
1272 2182 1359 2210 non
1384 2175 1612 2228 potueram
1630 2164 1701 2209 in-

326 2253 374 2297 st
366 2235 490 2281 icere
507 2235 677 2281 codices
702 2254 760 2296 gr
755 2254 866 2282 ecos
884 2248 1065 2300 propter
1088 2236 1291 2299 quaedam
1326 2235 1487 2281 Psalmi
1515 2234 1700 2280 decimi-

326 2274 446 2357 sexti,
474 2307 636 2369 inspexi
656 2317 803 2369 postea
822 2324 931 2371 quos
952 2308 1109 2353 inveni.
1137 2309 1191 2352 Et
1216 2323 1328 2352 uuus
1349 2305 1562 2361 habebat,
1580 2304 1700 2367 quod

325 2386 365 2420 et
383 2376 505 2421 latini
527 2378 660 2422 nostri
678 2415 685 2431 ,
710 2399 729 2418 «
754 2380 933 2425 Domine
948 2378 1130 2442 perdens
1147 2379 1199 2424 de
1214 2389 1323 2423 terra
1343 2376 1571 2440 dispertire
1583 2392 1700 2421 eos.»

328 2444 450 2491 Alius
475 2446 586 2492 sicut
611 2447 700 2510 ipse
717 2450 922 2511 posuisti,
955 2471 973 2489 «
996 2451 1027 2495 A
1052 2449 1204 2512 paucis
1233 2448 1286 2493 de
1318 2458 1483 2493 terra.»
1509 2447 1568 2492 Et
1587 2444 1699 2491 illud

330 2515 504 2577 quidem
541 2528 735 2578 apertum
770 2519 903 2566 hahet
942 2537 1138 2566 sensum.
1180 2542 1198 2560 <‹
1221 2518 1410 2564 Perdeus
1435 2517 1488 2563 de
1508 2527 1617 2562 terra
1641 2551 1651 2570 ‚
1679 2538 1697 2555 υ

375 2598 472 2626 ¹1¹2&
508 2606 647 2635 x2221'4.
