1799 3251
328 294 418 342 362
733 313 767 342 s.
811 311 1055 344 anensium
1090 312 1296 343 EPISCOPI

326 376 475 436 'gesimi
499 377 670 440 septimi
690 414 700 432 2
740 378 1044 440 septuagesimi
1074 378 1231 441 primi,
1266 379 1572 441 septuagesimi
1598 383 1700 443 sep-

326 447 434 493 timi.
460 448 635 511 Reliqui
654 447 847 492 nondum
875 448 1027 493 dictati
1055 465 1194 510 neque
1217 450 1404 497 tractati.
1424 449 1701 495 vehementer

326 535 349 564 a
367 519 492 563 nobis
512 529 794 581 expectantur
819 530 947 582 atque
960 519 1228 578 flagitantur.
1257 519 1324 564 Al)
1342 519 1405 563 liis
1423 537 1487 564 me
1508 521 1702 567 revocari

325 599 366 633 et
383 589 593 634 retardari
613 627 623 645 ‚
647 590 915 634 irruentibus
937 589 990 634 de
1012 601 1254 634 transverso
1282 589 1552 650 quibuslibet
1572 607 1699 653 quae-

323 658 564 712 stionibus‚
584 660 715 704 nolo:
740 660 799 704 ita
825 670 871 704 ut
898 677 974 705 nec
999 659 1134 705 libros
1160 680 1179 699 «
1208 663 1267 704 Ue
1291 660 1527 713 Trinitate‚
1547 682 1566 701 »
1591 677 1700 722 quos

323 728 399 774 diu
421 730 465 774 in
486 731 688 775 manibus
714 747 832 776 verso
850 767 860 785 ‚
886 730 1170 793 nondumque
1189 730 1407 792 complevi
1429 767 1439 785 ‚
1473 731 1604 776 modo
1630 741 1700 775 at-

325 799 500 845 tendere
522 800 676 854 velim3
704 801 909 864 quoniam
934 801 1061 846 nimis
1094 803 1262 863 operosi
1291 812 1389 845 sunt
1408 838 1417 853 ‚
1445 811 1484 845 et
1507 819 1528 845 a
1550 801 1701 864 paucis

325 886 394 915 eos
419 870 597 930 intelligi
624 889 745 933 posse
767 872 984 916 arbitror:
1015 870 1128 916 unde
1153 871 1287 931 magis
1314 881 1466 930 urgent
1486 888 1584 934 quae
1602 871 1701 934 plu-

324 939 446 985 ribus
471 941 593 985 utilia
620 940 709 986 fore
737 958 976 1003 speramus.

390 1012 449 1057 ll.
480 1012 724 1066 Nonenim‚
749 1023 795 1057 ut
817 1012 984 1068 scribis,
1005 1011 1131 1070 «Qui
1157 1011 1329 1071 ignorat
1350 1009 1701 1070 ig'norabitur1‚›>

324 1079 378 1125 de
404 1080 488 1126 hac
507 1098 550 1126 re
566 1081 674 1126 dixit
697 1082 933 1145 Apostolus
951 1118 962 1136 ,
985 1092 1192 1144 tanquam
1220 1082 1297 1126 ista
1326 1095 1460 1144 poena
1485 1081 1557 1125 ille
1577 1080 1700 1142 plec-

321 1151 476 1196 tendus
510 1152 566 1196 sit-
582 1189 592 1207 ,
630 1152 705 1215 qui
745 1170 834 1197 non
882 1153 996 1197 valet
1033 1152 1317 1210 intelligentia
1359 1153 1417 1196 sie
1461 1151 1702 1196 discernere

319 1221 582 1267 ineffabilem
610 1223 838 1268 Trinitatis
871 1224 1081 1268 unitatem
1107 1225 1217 1268 sicut
1253 1222 1512 1268 discernitur
1535 1222 1579 1266 iu
1604 1221 1701 1266 ani—

308 1297 392 1336 'mo
414 1304 562 1338 nostro
582 1295 807 1349 memoria,
830 1293 1074 1339 intellectus
1095 1330 1105 1348 ‚
1139 1292 1353 1339 voluntas.
1394 1291 1582 1337 Aliunde
1615 1291 1700 1336 lioc

317 1362 493 1408 dicebat
514 1365 745 1427 Apostolus
764 1366 796 1411 2.
830 1366 939 1424 Lege
966 1401 975 1417 ‚
1003 1375 1044 1410 et
1070 1364 1236 1409 videbis
1265 1364 1384 1427 quod
1409 1381 1457 1408 ea
1491 1362 1701 1426 loqueba-

319 1443 416 1489 tur,
444 1452 544 1497 quae
578 1435 708 1480 fidem
733 1435 799 1481 vel
832 1453 971 1480 mores
1005 1436 1243 1480 multorum
1271 1435 1541 1480 aedificarent
1563 1471 1572 1486 ‚
1610 1450 1699 1478 non

317 1516 418 1567 quae
443 1506 510 1550 vix
537 1505 589 1550 ad
608 1516 854 1568 'paucorum
870 1543 880 1559 ‚
903 1523 1084 1569 eamque
1108 1506 1304 1564 exiguam
1324 1542 1333 1558 ‚
1366 1502 1701 1568 quantulacum-

318 1574 474 1637 quein
507 1575 589 1621 hac
624 1576 714 1621 vita
744 1575 797 1621 de
834 1593 877 1621 re
903 1585 1019 1620 tanta
1045 1593 1131 1620 esse
1164 1586 1331 1637 potest,
1370 1574 1700 1632 intelligentiam

318 1646 617 1708 pervenirent,
646 1642 690 1691 id
711 1657 788 1702 est,
816 1657 864 1691 ut
889 1647 1047 1706 linguis
1067 1646 1302 1709 prophetia
1336 1651 1664 1708 praoponer'etur
1684 1680 1696 1701 ,

320 1726 475 1761 utnon
501 1716 757 1779 perturbate
789 1717 861 1762 illa
892 1734 1139 1776 gererentur
1159 1754 1168 1770 ,
1196 1717 1316 1779 quasi
1343 1716 1591 1779 prophetiae
1614 1714 1701 1778 spi-

317 1785 425 1831 'ritus
449 1787 577 1832 'etiam
605 1787 765 1832 invitos
789 1786 909 1850 loqui
935 1798 1132 1847 cogeret7
1162 1798 1210 1831 ut
1236 1786 1431 1831 mulieres
1455 1787 1499 1830 in
1521 1784 1699 1831 ecclesia

317 1864 526 1914 tacerent,
549 1871 598 1904 ut
622 1860 768 1905 omnia
784 1860 962 1905 honeste
989 1872 1029 1905 et
1048 1860 1289 1905 seeundum
1313 1859 1508 1905 ordinem
1525 1859 1691 1904 fierent.

316 1928 425 1974 Haec
452 1939 551 1974 eu'm
574 1940 742 1988 ageret,
779 1930 863 1985 ait,
900 1929 1101 1992 «Siquis
1128 1929 1300 1974 videtur
1331 1945 1416 1974 esse
1441 1929 1664 1990 propheta
1683 1965 1693 1984 ,

317 2008 340 2041 55
361 2003 434 2045 aut
461 2000 666 2063 spiritalis
686 2037 696 2055 ‚
726 2009 957 2059 cognoscat
989 2017 1089 2062 quae
1113 2001 1257 2044 scribo
1284 2000 1407 2045 vohis
1431 2037 1440 2054 ‚
1473 2001 1575 2062 quia
1602 2001 1697 2044 Do-

317 2081 339 2113 ⁴»
359 2071 465 2116 'mini
486 2082 547 2116 est
570 2071 839 2118 mandatum.
878 2071 921 2116 Si
941 2071 1038 2134 quis
1071 2082 1214 2116 antem
1242 2071 1442 2130 ignorat,
1470 2071 1697 2129 ignorabi-

312 2151 336 2182 ἡ
356 2139 485 2185 [ιπὸε
511 2161 531 2182 »
550 2141 619 2186 his
639 2141 782 2187 verbis
816 2145 1024 2186 coercens
1045 2178 1055 2196 ‚
1088 2151 1128 2185 et
1153 2140 1207 2185 ad
1234 2141 1468 2203 pacificum
1497 2140 1695 2186 ordinem

312 2220 518 2258 revocans
535 2212 768 2275 inquietos,
786 2222 907 2257 tanto
933 2213 986 2257 ad
1003 2211 1254 2257 seditionem
1275 2211 1507 2268 faciliores,
1530 2222 1695 2275 quanto

307 2281 395 2327 'sibi
410 2281 676 2328 Videbantur
692 2283 850 2346 spiritu
870 2283 1091 2338 excellcre,
1106 2301 1206 2329 cum
1224 2283 1518 2346 superbiendo
1538 2287 1695 2329 cuncta

314 2352 556 2400 turbarent.
585 2375 604 2395 «
626 2354 672 2399 Si
699 2354 796 2416 quis
816 2361 916 2413 ergo
939 2353 1115 2398 videtur
1137 2354 1358 2417 propheta
1376 2370 1478 2409 esse,
1505 2363 1579 2398 aut
1599 2353 1692 2416 spi-

313 2430 334 2464 5'2
355 2423 515 2478 ritalis‚
544 2435 795 2483 cognoseat,
816 2424 988 2487 inquit,
1013 2441 1113 2487 quae
1131 2425 1277 2469 scribo
1298 2424 1449 2480 vobis,
1473 2423 1575 2486 quia
1600 2424 1693 2468 Do-

312 2500 333 2535 ῑ)
358 2493 466 2538 mini
493 2501 554 2539 est
588 2494 859 2541 mandatum.
883 2508 904 2536 5>
933 2494 977 2539 Si
1004 2495 1098 2557 quis
1124 2495 1295 2540 videtur
1322 2511 1409 2540 esse
1431 2531 1442 2550 ‚
1469 2503 1511 2538 et
1546 2494 1696 2557 utique

311 2580 401 2610 non
435 2575 527 2609 est:
557 2582 656 2610 nam
678 2565 752 2628 qui
784 2576 846 2611 est
869 2603 880 2620 ‚
918 2566 1006 2611 sine
1031 2566 1307 2612 dubitatione
1337 2565 1588 2624 cognoscit,
1613 2580 1693 2610 nec

365 2646 375 2668 ¹
397 2659 407 2677 1
432 2648 506 2680 Cur.
527 2659 593 2685 xiv,
612 2650 668 2680 38.
687 2667 732 2672 —
747 2647 761 2670 2
775 2649 858 2682 Ibid.
875 2666 918 2672 --
934 2646 947 2671 3
962 2648 1045 2680 lbid.
