<?xml version="1.0" encoding="UTF-8"?>
<!DOCTYPE html PUBLIC "-//W3C//DTD XHTML 1.0 Transitional//EN"
    "http://www.w3.org/TR/xhtml1/DTD/xhtml1-transitional.dtd">
<html xmlns="http://www.w3.org/1999/xhtml" xml:lang="en" lang="en">
 <head>
  <title>
</title>
<meta http-equiv="Content-Type" content="text/html;charset=utf-8" />
  <meta name='ocr-system' content='tesseract 3.04.00' />
  <meta name='ocr-capabilities' content='ocr_page ocr_carea ocr_par ocr_line ocrx_word'/>
</head>
<body>
  <div class='ocr_page' id='page_1' title='image "./operaomniaaccura40auguuoft/operaomniaaccura40auguuoft_0556.png"; bbox 0 0 1799 3251; ppageno 0'>
   <div class='ocr_carea' id='block_1_1' title="bbox 309 302 1686 509">
    <p class='ocr_par' dir='ltr' id='par_1_1' title="bbox 309 302 1686 509">
     <span class='ocr_line' id='line_1_1' title="bbox 309 302 1177 358; baseline -0.012 -9"><span class='ocrx_word' id='word_1_1' title='bbox 309 302 402 358; x_wconf 71' lang='grc'>544</span> <span class='ocrx_word' id='word_1_2' title='bbox 820 310 1177 341; x_wconf 69' lang='lat' dir='ltr'>ANNOTATIONES.</span> 
     </span>
     <span class='ocr_line' id='line_1_2' title="bbox 309 372 1686 444; baseline -0.006 -17"><span class='ocrx_word' id='word_1_3' title='bbox 309 380 512 444; x_wconf 82' lang='lat' dir='ltr'>scripsit,</span> <span class='ocrx_word' id='word_1_4' title='bbox 543 378 619 424; x_wconf 87' lang='lat' dir='ltr'>ubi</span> <span class='ocrx_word' id='word_1_5' title='bbox 643 395 684 423; x_wconf 89' lang='lat' dir='ltr'>se</span> <span class='ocrx_word' id='word_1_6' title='bbox 707 375 841 440; x_wconf 86' lang='lat' dir='ltr'>ipsius</span> <span class='ocrx_word' id='word_1_7' title='bbox 866 375 1109 438; x_wconf 74' lang='lat' dir='ltr'>praesentiae</span> <span class='ocrx_word' id='word_1_8' title='bbox 1137 372 1302 419; x_wconf 83' lang='lat' dir='ltr'>deliciis</span> <span class='ocrx_word' id='word_1_9' title='bbox 1330 373 1519 437; x_wconf 88' lang='lat' dir='ltr'>potitum</span> <span class='ocrx_word' id='word_1_10' title='bbox 1545 383 1586 419; x_wconf 89' lang='lat' dir='ltr'>et</span> <span class='ocrx_word' id='word_1_11' title='bbox 1622 390 1686 419; x_wconf 87' lang='lat' dir='ltr'>sa-</span> 
     </span>
     <span class='ocr_line' id='line_1_3' title="bbox 313 446 1430 509; baseline -0.007 -9"><span class='ocrx_word' id='word_1_12' title='bbox 313 453 519 500; x_wconf 85' lang='lat' dir='ltr'>lubribus</span> <span class='ocrx_word' id='word_1_13' title='bbox 544 451 771 506; x_wconf 81' lang='lat' dir='ltr'><strong>uberibus,</strong></span> <span class='ocrx_word' id='word_1_14' title='bbox 797 447 1011 494; x_wconf 86' lang='lat' dir='ltr'>nutritum</span> <span class='ocrx_word' id='word_1_15' title='bbox 1034 446 1162 492; x_wconf 86' lang='lat' dir='ltr'>fuisse</span> <span class='ocrx_word' id='word_1_16' title='bbox 1182 446 1430 509; x_wconf 88' lang='lat' dir='ltr'>proficetur.</span> 
     </span>
    </p>
   </div>
   <div class='ocr_carea' id='block_1_2' title="bbox 678 594 1357 658">
    <p class='ocr_par' dir='ltr' id='par_1_2' title="bbox 678 594 1357 658">
     <span class='ocr_line' id='line_1_4' title="bbox 678 594 1357 658; baseline -0.004 -15"><span class='ocrx_word' id='word_1_17' title='bbox 678 611 935 643; x_wconf 84' lang='lat' dir='ltr'>ANNOTATIO</span> <span class='ocrx_word' id='word_1_18' title='bbox 971 594 1072 657; x_wconf 83' lang='lat'><em>(18)</em></span> <span class='ocrx_word' id='word_1_19' title='bbox 1107 611 1207 658; x_wconf 78' lang='lat' dir='ltr'>pag.</span> <span class='ocrx_word' id='word_1_20' title='bbox 1250 596 1357 650; x_wconf 70' lang='lat'>243.</span> 
     </span>
    </p>
   </div>
   <div class='ocr_carea' id='block_1_3' title="bbox 316 739 1704 1609">
    <p class='ocr_par' dir='ltr' id='par_1_3' title="bbox 316 739 1704 1609">
     <span class='ocr_line' id='line_1_5' title="bbox 380 739 1694 807; baseline -0.004 -16"><span class='ocrx_word' id='word_1_21' title='bbox 380 744 671 807; x_wconf 61' lang='lat' dir='ltr'>Hieronymus</span> <span class='ocrx_word' id='word_1_22' title='bbox 696 760 808 789; x_wconf 86' lang='lat' dir='ltr'>anno</span> <span class='ocrx_word' id='word_1_23' title='bbox 838 743 944 799; x_wconf 65' lang='grc'>415.</span> <span class='ocrx_word' id='word_1_24' title='bbox 978 741 1169 787; x_wconf 86' lang='lat' dir='ltr'>scribens</span> <span class='ocrx_word' id='word_1_25' title='bbox 1207 739 1410 785; x_wconf 75' lang='lat' dir='ltr'>abversus</span> <span class='ocrx_word' id='word_1_26' title='bbox 1439 739 1694 799; x_wconf 82' lang='lat' dir='ltr'>Pelagianos</span> 
     </span>
     <span class='ocr_line' id='line_1_6' title="bbox 316 813 1695 877; baseline -0.003 -15"><span class='ocrx_word' id='word_1_27' title='bbox 316 817 361 862; x_wconf 90' lang='lat' dir='ltr'>in</span> <span class='ocrx_word' id='word_1_28' title='bbox 389 818 468 864; x_wconf 90' lang='lat' dir='ltr'>lib.</span> <span class='ocrx_word' id='word_1_29' title='bbox 509 820 551 864; x_wconf 72' lang='lat'>3.</span> <span class='ocrx_word' id='word_1_30' title='bbox 598 827 806 868; x_wconf 79' lang='lat' dir='ltr'>testatur,</span> <span class='ocrx_word' id='word_1_31' title='bbox 846 815 981 860; x_wconf 84' lang='lat' dir='ltr'>libros</span> <span class='ocrx_word' id='word_1_32' title='bbox 1007 813 1185 877; x_wconf 88' lang='lat' dir='ltr'>quidem</span> <span class='ocrx_word' id='word_1_33' title='bbox 1220 813 1273 858; x_wconf 83' lang='lat' dir='ltr'>ad</span> <span class='ocrx_word' id='word_1_34' title='bbox 1302 813 1604 859; x_wconf 75' lang='lat' dir='ltr'>Marcellinum</span> <span class='ocrx_word' id='word_1_35' title='bbox 1641 813 1695 858; x_wconf 83' lang='lat' dir='ltr'>de</span> 
     </span>
     <span class='ocr_line' id='line_1_7' title="bbox 317 886 1694 952; baseline -0.002 -18"><span class='ocrx_word' id='word_1_36' title='bbox 317 890 592 952; x_wconf 78' lang='lat' dir='ltr'>baptizandis</span> <span class='ocrx_word' id='word_1_37' title='bbox 636 889 880 935; x_wconf 80' lang='lat' dir='ltr'>infantibus</span> <span class='ocrx_word' id='word_1_38' title='bbox 923 887 1101 932; x_wconf 69' lang='lat' dir='ltr'>cludam</span> <span class='ocrx_word' id='word_1_39' title='bbox 1144 887 1199 932; x_wconf 81' lang='lat' dir='ltr'>ab</span> <span class='ocrx_word' id='word_1_40' title='bbox 1238 887 1479 946; x_wconf 82' lang='lat' dir='ltr'>Augustino</span> <span class='ocrx_word' id='word_1_41' title='bbox 1527 886 1694 944; x_wconf 87' lang='lat' dir='ltr'>editos;</span> 
     </span>
     <span class='ocr_line' id='line_1_8' title="bbox 322 959 1692 1026; baseline -0.003 -18"><span class='ocrx_word' id='word_1_42' title='bbox 322 962 560 1026; x_wconf 83' lang='lat' dir='ltr'>Epistolam</span> <span class='ocrx_word' id='word_1_43' title='bbox 588 979 705 1017; x_wconf 86' lang='lat' dir='ltr'>vero,</span> <span class='ocrx_word' id='word_1_44' title='bbox 730 978 802 1006; x_wconf 90' lang='lat' dir='ltr'>seu</span> <span class='ocrx_word' id='word_1_45' title='bbox 823 961 985 1006; x_wconf 84' lang='lat' dir='ltr'>librum</span> <span class='ocrx_word' id='word_1_46' title='bbox 1007 997 1016 1012; x_wconf 72' lang='lat'><em>‚</em></span> <span class='ocrx_word' id='word_1_47' title='bbox 1049 970 1094 1004; x_wconf 91' lang='lat' dir='ltr'>ut</span> <span class='ocrx_word' id='word_1_48' title='bbox 1113 963 1203 1022; x_wconf 86' lang='lat' dir='ltr'>ipse</span> <span class='ocrx_word' id='word_1_49' title='bbox 1219 971 1360 1012; x_wconf 83' lang='lat' dir='ltr'>vocat,</span> <span class='ocrx_word' id='word_1_50' title='bbox 1383 959 1437 1005; x_wconf 78' lang='lat' dir='ltr'>ad</span> <span class='ocrx_word' id='word_1_51' title='bbox 1459 959 1692 1016; x_wconf 75' lang='lat' dir='ltr'><strong>Hilarium,</strong></span> 
     </span>
     <span class='ocr_line' id='line_1_9' title="bbox 321 1033 1697 1099; baseline -0.002 -18"><span class='ocrx_word' id='word_1_52' title='bbox 321 1035 694 1099; x_wconf 68' lang='lat' dir='ltr'>nuperprodiisse.</span> <span class='ocrx_word' id='word_1_53' title='bbox 715 1035 840 1079; x_wconf 80' lang='lat' dir='ltr'>Hanc</span> <span class='ocrx_word' id='word_1_54' title='bbox 859 1036 997 1097; x_wconf 81' lang='lat' dir='ltr'>ipsam</span> <span class='ocrx_word' id='word_1_55' title='bbox 1026 1033 1266 1096; x_wconf 77' lang='lat' dir='ltr'>Epistolam</span> <span class='ocrx_word' id='word_1_56' title='bbox 1288 1033 1468 1078; x_wconf 78' lang='lat' dir='ltr'>Orosius</span> <span class='ocrx_word' id='word_1_57' title='bbox 1486 1033 1697 1078; x_wconf 79' lang='lat' dir='ltr'>directam</span> 
     </span>
     <span class='ocr_line' id='line_1_10' title="bbox 321 1105 1700 1171; baseline -0.001 -18"><span class='ocrx_word' id='word_1_58' title='bbox 321 1126 475 1171; x_wconf 72' lang='lat' dir='ltr'>nuper</span> <span class='ocrx_word' id='word_1_59' title='bbox 494 1109 562 1152; x_wconf 69' lang='lat' dir='ltr'>cccl</span> <span class='ocrx_word' id='word_1_60' title='bbox 581 1108 809 1161; x_wconf 73' lang='lat' dir='ltr'>Siciliam,</span> <span class='ocrx_word' id='word_1_61' title='bbox 830 1118 878 1151; x_wconf 89' lang='lat' dir='ltr'>ut</span> <span class='ocrx_word' id='word_1_62' title='bbox 901 1108 945 1151; x_wconf 91' lang='lat' dir='ltr'>in</span> <span class='ocrx_word' id='word_1_63' title='bbox 972 1105 1256 1169; x_wconf 75' lang='lat' dir='ltr'>Apologetico</span> <span class='ocrx_word' id='word_1_64' title='bbox 1283 1105 1498 1168; x_wconf 83' lang='lat' dir='ltr'>loquitur,</span> <span class='ocrx_word' id='word_1_65' title='bbox 1517 1105 1700 1168; x_wconf 81' lang='lat' dir='ltr'>perlegit</span> 
     </span>
     <span class='ocr_line' id='line_1_11' title="bbox 319 1177 1700 1241; baseline -0.002 -14"><span class='ocrx_word' id='word_1_66' title='bbox 319 1181 364 1228; x_wconf 89' lang='lat' dir='ltr'>in</span> <span class='ocrx_word' id='word_1_67' title='bbox 399 1181 630 1226; x_wconf 66' lang='lat' dir='ltr'>Palaestino</span> <span class='ocrx_word' id='word_1_68' title='bbox 659 1190 876 1225; x_wconf 76' lang='lat' dir='ltr'>conventu</span> <span class='ocrx_word' id='word_1_69' title='bbox 900 1215 910 1234; x_wconf 78' lang='grc'><em>,</em></span> <span class='ocrx_word' id='word_1_70' title='bbox 941 1178 1017 1241; x_wconf 87' lang='lat' dir='ltr'>qui</span> <span class='ocrx_word' id='word_1_71' title='bbox 1059 1177 1300 1223; x_wconf 80' lang='lat' dir='ltr'>celebratus</span> <span class='ocrx_word' id='word_1_72' title='bbox 1320 1189 1382 1223; x_wconf 89' lang='lat' dir='ltr'>est</span> <span class='ocrx_word' id='word_1_73' title='bbox 1414 1196 1555 1224; x_wconf 87' lang='lat' dir='ltr'>mense</span> <span class='ocrx_word' id='word_1_74' title='bbox 1585 1179 1700 1224; x_wconf 84' lang='lat' dir='ltr'>Julio</span> 
     </span>
     <span class='ocr_line' id='line_1_12' title="bbox 322 1251 1700 1315; baseline -0.002 -15"><span class='ocrx_word' id='word_1_75' title='bbox 322 1272 435 1300; x_wconf 87' lang='lat' dir='ltr'>anno</span> <span class='ocrx_word' id='word_1_76' title='bbox 473 1255 580 1310; x_wconf 68' lang='lat'>415.</span> <span class='ocrx_word' id='word_1_77' title='bbox 621 1253 821 1315; x_wconf 89' lang='lat' dir='ltr'>Denique</span> <span class='ocrx_word' id='word_1_78' title='bbox 853 1251 906 1297; x_wconf 87' lang='lat' dir='ltr'>de</span> <span class='ocrx_word' id='word_1_79' title='bbox 940 1251 1090 1297; x_wconf 89' lang='lat' dir='ltr'>eodem</span> <span class='ocrx_word' id='word_1_80' title='bbox 1119 1251 1375 1315; x_wconf 82' lang='lat' dir='ltr'>opusculam</span> <span class='ocrx_word' id='word_1_81' title='bbox 1410 1251 1454 1296; x_wconf 89' lang='lat' dir='ltr'>in</span> <span class='ocrx_word' id='word_1_82' title='bbox 1475 1251 1700 1314; x_wconf 87' lang='lat' dir='ltr'>Diospoli-</span> 
     </span>
     <span class='ocr_line' id='line_1_13' title="bbox 322 1323 1702 1388; baseline -0.003 -16"><span class='ocrx_word' id='word_1_83' title='bbox 322 1338 421 1373; x_wconf 85' lang='lat' dir='ltr'>tana</span> <span class='ocrx_word' id='word_1_84' title='bbox 463 1325 629 1388; x_wconf 70' lang='lat' dir='ltr'>synodo</span> <span class='ocrx_word' id='word_1_85' title='bbox 670 1324 823 1370; x_wconf 81' lang='lat' dir='ltr'>habita</span> <span class='ocrx_word' id='word_1_86' title='bbox 869 1341 1012 1369; x_wconf 89' lang='lat' dir='ltr'>mense</span> <span class='ocrx_word' id='word_1_87' title='bbox 1060 1324 1312 1369; x_wconf 81' lang='lat' dir='ltr'>Decembris</span> <span class='ocrx_word' id='word_1_88' title='bbox 1361 1323 1553 1383; x_wconf 83' lang='lat' dir='ltr'>ejusdem</span> <span class='ocrx_word' id='word_1_89' title='bbox 1601 1325 1702 1369; x_wconf 80' lang='lat' dir='ltr'>anni</span> 
     </span>
     <span class='ocr_line' id='line_1_14' title="bbox 323 1396 1703 1460; baseline -0.001 -15"><span class='ocrx_word' id='word_1_90' title='bbox 323 1400 430 1456; x_wconf 67' lang='lat'>415.</span> <span class='ocrx_word' id='word_1_91' title='bbox 472 1409 616 1444; x_wconf 80' lang='lat' dir='ltr'>actum</span> <span class='ocrx_word' id='word_1_92' title='bbox 651 1415 736 1443; x_wconf 84' lang='lat' dir='ltr'>esse</span> <span class='ocrx_word' id='word_1_93' title='bbox 768 1396 917 1460; x_wconf 87' lang='lat' dir='ltr'>prodit</span> <span class='ocrx_word' id='word_1_94' title='bbox 939 1397 1031 1459; x_wconf 82' lang='lat' dir='ltr'>ipse</span> <span class='ocrx_word' id='word_1_95' title='bbox 1062 1397 1327 1456; x_wconf 82' lang='lat' dir='ltr'>Augustinus</span> <span class='ocrx_word' id='word_1_96' title='bbox 1360 1397 1405 1441; x_wconf 91' lang='lat' dir='ltr'>in</span> <span class='ocrx_word' id='word_1_97' title='bbox 1422 1397 1501 1443; x_wconf 89' lang='lat' dir='ltr'>lib.</span> <span class='ocrx_word' id='word_1_98' title='bbox 1527 1397 1580 1442; x_wconf 88' lang='lat' dir='ltr'>de</span> <span class='ocrx_word' id='word_1_99' title='bbox 1600 1398 1703 1443; x_wconf 84' lang='lat' dir='ltr'>Ges-</span> 
     </span>
     <span class='ocr_line' id='line_1_15' title="bbox 323 1469 1704 1534; baseline -0.001 -17"><span class='ocrx_word' id='word_1_100' title='bbox 323 1473 376 1518; x_wconf 89' lang='lat' dir='ltr'>tis</span> <span class='ocrx_word' id='word_1_101' title='bbox 415 1471 578 1531; x_wconf 84' lang='lat' dir='ltr'>Pelagii</span> <span class='ocrx_word' id='word_1_102' title='bbox 601 1488 699 1534; x_wconf 83' lang='lat' dir='ltr'>cap.</span> <span class='ocrx_word' id='word_1_103' title='bbox 747 1487 813 1516; x_wconf 79' lang='lat' dir='ltr'>tl.</span> <span class='ocrx_word' id='word_1_104' title='bbox 859 1486 947 1534; x_wconf 91' lang='lat' dir='ltr'>quo</span> <span class='ocrx_word' id='word_1_105' title='bbox 985 1469 1081 1514; x_wconf 87' lang='lat' dir='ltr'>loco</span> <span class='ocrx_word' id='word_1_106' title='bbox 1119 1469 1282 1515; x_wconf 90' lang='lat' dir='ltr'>librum</span> <span class='ocrx_word' id='word_1_107' title='bbox 1319 1481 1576 1533; x_wconf 80' lang='lat' dir='ltr'>nuncupat,</span> <span class='ocrx_word' id='word_1_108' title='bbox 1616 1487 1704 1515; x_wconf 90' lang='lat' dir='ltr'>non</span> 
     </span>
     <span class='ocr_line' id='line_1_16' title="bbox 330 1544 585 1609; baseline -0.012 -18"><span class='ocrx_word' id='word_1_109' title='bbox 330 1544 585 1609; x_wconf 84' lang='lat' dir='ltr'>Epistolam.</span> 
     </span>
    </p>
   </div>
   <div class='ocr_carea' id='block_1_4' title="bbox 684 1678 1361 1742">
    <p class='ocr_par' dir='ltr' id='par_1_4' title="bbox 684 1678 1361 1742">
     <span class='ocr_line' id='line_1_17' title="bbox 684 1678 1361 1742; baseline 0 -18"><span class='ocrx_word' id='word_1_110' title='bbox 684 1695 939 1726; x_wconf 73' lang='lat' dir='ltr'>ANNOTArto</span> <span class='ocrx_word' id='word_1_111' title='bbox 975 1678 1075 1742; x_wconf 72' lang='lat'>(19)</span> <span class='ocrx_word' id='word_1_112' title='bbox 1111 1695 1209 1741; x_wconf 83' lang='lat' dir='ltr'>pag.</span> <span class='ocrx_word' id='word_1_113' title='bbox 1255 1680 1361 1724; x_wconf 77' lang='lat'><strong>262.</strong></span> 
     </span>
    </p>
   </div>
   <div class='ocr_carea' id='block_1_5' title="bbox 328 1819 1715 2318">
    <p class='ocr_par' dir='ltr' id='par_1_5' title="bbox 328 1819 1715 2318">
     <span class='ocr_line' id='line_1_18' title="bbox 396 1819 1709 1880; baseline -0.002 -13"><span class='ocrx_word' id='word_1_114' title='bbox 396 1821 625 1868; x_wconf 81' lang='lat' dir='ltr'>Coelestius</span> <span class='ocrx_word' id='word_1_115' title='bbox 650 1820 694 1865; x_wconf 90' lang='lat' dir='ltr'>in</span> <span class='ocrx_word' id='word_1_116' title='bbox 721 1819 1041 1865; x_wconf 81' lang='lat' dir='ltr'>disseminanda</span> <span class='ocrx_word' id='word_1_117' title='bbox 1067 1819 1230 1880; x_wconf 76' lang='lat' dir='ltr'>Pelagii</span> <span class='ocrx_word' id='word_1_118' title='bbox 1254 1819 1454 1865; x_wconf 88' lang='lat' dir='ltr'>doctrina</span> <span class='ocrx_word' id='word_1_119' title='bbox 1479 1830 1566 1864; x_wconf 81' lang='lat' dir='ltr'>tam</span> <span class='ocrx_word' id='word_1_120' title='bbox 1592 1819 1709 1865; x_wconf 87' lang='lat' dir='ltr'>mul-</span> 
     </span>
     <span class='ocr_line' id='line_1_19' title="bbox 328 1893 1711 1958; baseline -0.001 -16"><span class='ocrx_word' id='word_1_121' title='bbox 328 1907 422 1942; x_wconf 89' lang='lat' dir='ltr'>tum</span> <span class='ocrx_word' id='word_1_122' title='bbox 450 1912 578 1958; x_wconf 87' lang='lat' dir='ltr'>opere</span> <span class='ocrx_word' id='word_1_123' title='bbox 596 1893 814 1956; x_wconf 87' lang='lat' dir='ltr'>studiique</span> <span class='ocrx_word' id='word_1_124' title='bbox 840 1893 984 1956; x_wconf 91' lang='lat' dir='ltr'>posuit</span> <span class='ocrx_word' id='word_1_125' title='bbox 1003 1930 1013 1946; x_wconf 70' lang='lat'>,</span> <span class='ocrx_word' id='word_1_126' title='bbox 1045 1903 1091 1938; x_wconf 90' lang='lat' dir='ltr'>ut</span> <span class='ocrx_word' id='word_1_127' title='bbox 1117 1893 1236 1938; x_wconf 85' lang='lat' dir='ltr'>istius</span> <span class='ocrx_word' id='word_1_128' title='bbox 1272 1893 1446 1938; x_wconf 77' lang='lat' dir='ltr'>liaeresis</span> <span class='ocrx_word' id='word_1_129' title='bbox 1483 1903 1711 1940; x_wconf 78' lang='lat' dir='ltr'>sectatores</span> 
     </span>
     <span class='ocr_line' id='line_1_20' title="bbox 329 1965 1711 2026; baseline -0.001 -13"><span class='ocrx_word' id='word_1_130' title='bbox 329 1968 473 2015; x_wconf 82' lang='lat' dir='ltr'>vocati</span> <span class='ocrx_word' id='word_1_131' title='bbox 507 1968 636 2012; x_wconf 79' lang='lat' dir='ltr'>etiam</span> <span class='ocrx_word' id='word_1_132' title='bbox 667 1966 830 2012; x_wconf 86' lang='lat' dir='ltr'>fuerint</span> <span class='ocrx_word' id='word_1_133' title='bbox 867 1965 1146 2021; x_wconf 73' lang='lat' dir='ltr'>Coelestiani,</span> <span class='ocrx_word' id='word_1_134' title='bbox 1184 1969 1306 2025; x_wconf 84' lang='lat' dir='ltr'>juxta</span> <span class='ocrx_word' id='word_1_135' title='bbox 1345 1967 1636 2026; x_wconf 85' lang='lat' dir='ltr'>Augustinum</span> <span class='ocrx_word' id='word_1_136' title='bbox 1665 1967 1711 2012; x_wconf 88' lang='lat' dir='ltr'>in</span> 
     </span>
     <span class='ocr_line' id='line_1_21' title="bbox 330 2039 1710 2103; baseline -0.003 -14"><span class='ocrx_word' id='word_1_137' title='bbox 330 2043 409 2089; x_wconf 87' lang='lat' dir='ltr'>lib.</span> <span class='ocrx_word' id='word_1_138' title='bbox 450 2042 503 2087; x_wconf 89' lang='lat' dir='ltr'>de</span> <span class='ocrx_word' id='word_1_139' title='bbox 523 2042 686 2087; x_wconf 82' lang='lat' dir='ltr'>Haeres.</span> <span class='ocrx_word' id='word_1_140' title='bbox 729 2057 767 2086; x_wconf 87' lang='lat' dir='ltr'>e.</span> <span class='ocrx_word' id='word_1_141' title='bbox 801 2039 877 2086; x_wconf 84' lang='lat'>88.</span> <span class='ocrx_word' id='word_1_142' title='bbox 914 2057 1052 2103; x_wconf 85' lang='lat' dir='ltr'>neque</span> <span class='ocrx_word' id='word_1_143' title='bbox 1086 2039 1169 2085; x_wconf 84' lang='lat' dir='ltr'>alio</span> <span class='ocrx_word' id='word_1_144' title='bbox 1207 2039 1383 2084; x_wconf 83' lang='lat' dir='ltr'>nomine</span> <span class='ocrx_word' id='word_1_145' title='bbox 1419 2039 1621 2099; x_wconf 84' lang='lat' dir='ltr'>leguntur</span> <span class='ocrx_word' id='word_1_146' title='bbox 1653 2041 1710 2085; x_wconf 84' lang='lat' dir='ltr'>ab</span> 
     </span>
     <span class='ocr_line' id='line_1_22' title="bbox 332 2111 1712 2179; baseline -0.003 -16"><span class='ocrx_word' id='word_1_147' title='bbox 332 2116 554 2179; x_wconf 86' lang='lat' dir='ltr'>Ephesina</span> <span class='ocrx_word' id='word_1_148' title='bbox 599 2112 766 2176; x_wconf 70' lang='lat' dir='ltr'>synodo</span> <span class='ocrx_word' id='word_1_149' title='bbox 795 2130 862 2158; x_wconf 81' lang='lat' dir='ltr'>an.</span> <span class='ocrx_word' id='word_1_150' title='bbox 916 2113 1023 2167; x_wconf 72' lang='lat'>431.</span> <span class='ocrx_word' id='word_1_151' title='bbox 1065 2111 1358 2159; x_wconf 80' lang='lat' dir='ltr'>condemnati.</span> <span class='ocrx_word' id='word_1_152' title='bbox 1407 2113 1448 2157; x_wconf 89' lang='lat' dir='ltr'>Is</span> <span class='ocrx_word' id='word_1_153' title='bbox 1487 2130 1620 2176; x_wconf 89' lang='lat' dir='ltr'>porro</span> <span class='ocrx_word' id='word_1_154' title='bbox 1657 2113 1712 2159; x_wconf 82' lang='lat' dir='ltr'>ad</span> 
     </span>
     <span class='ocr_line' id='line_1_23' title="bbox 331 2184 1714 2252; baseline -0.001 -18"><span class='ocrx_word' id='word_1_155' title='bbox 331 2186 576 2252; x_wconf 81' lang='lat' dir='ltr'>episcopale</span> <span class='ocrx_word' id='word_1_156' title='bbox 623 2185 843 2245; x_wconf 82' lang='lat' dir='ltr'>judiciuin</span> <span class='ocrx_word' id='word_1_157' title='bbox 884 2184 1026 2247; x_wconf 87' lang='lat' dir='ltr'>primo</span> <span class='ocrx_word' id='word_1_158' title='bbox 1070 2185 1334 2244; x_wconf 78' lang='lat' dir='ltr'>Carthagine</span> <span class='ocrx_word' id='word_1_159' title='bbox 1370 2185 1609 2248; x_wconf 77' lang='lat' dir='ltr'>perductus</span> <span class='ocrx_word' id='word_1_160' title='bbox 1652 2197 1714 2232; x_wconf 88' lang='lat' dir='ltr'>est</span> 
     </span>
     <span class='ocr_line' id='line_1_24' title="bbox 331 2257 1715 2318; baseline -0.002 -11"><span class='ocrx_word' id='word_1_161' title='bbox 331 2278 442 2307; x_wconf 85' lang='lat' dir='ltr'>anno</span> <span class='ocrx_word' id='word_1_162' title='bbox 474 2269 648 2305; x_wconf 86' lang='lat' dir='ltr'>exeunte</span> <span class='ocrx_word' id='word_1_163' title='bbox 680 2260 788 2313; x_wconf 62' lang='lat'><em>[211.</em></span> <span class='ocrx_word' id='word_1_164' title='bbox 821 2269 897 2302; x_wconf 79' lang='lat' dir='ltr'>aut</span> <span class='ocrx_word' id='word_1_165' title='bbox 934 2257 1108 2303; x_wconf 84' lang='lat' dir='ltr'>ineunte</span> <span class='ocrx_word' id='word_1_166' title='bbox 1136 2259 1244 2314; x_wconf 64' lang='lat'>412.</span> <span class='ocrx_word' id='word_1_167' title='bbox 1293 2257 1355 2302; x_wconf 88' lang='lat' dir='ltr'>uti</span> <span class='ocrx_word' id='word_1_168' title='bbox 1388 2258 1644 2318; x_wconf 81' lang='lat' dir='ltr'>intelligitur</span> <span class='ocrx_word' id='word_1_169' title='bbox 1667 2277 1715 2304; x_wconf 79' lang='lat' dir='ltr'>ex</span> 
     </span>
    </p>
   </div>
   <div class='ocr_carea' id='block_1_6' title="bbox 334 2330 1716 2463">
    <p class='ocr_par' dir='ltr' id='par_1_6' title="bbox 334 2330 1716 2463">
     <span class='ocr_line' id='line_1_25' title="bbox 334 2330 1708 2392; baseline 0 -12"><span class='ocrx_word' id='word_1_170' title='bbox 334 2334 486 2380; x_wconf 88' lang='lat' dir='ltr'>litteris</span> <span class='ocrx_word' id='word_1_171' title='bbox 522 2331 695 2377; x_wconf 77' lang='lat' dir='ltr'>alterius</span> <span class='ocrx_word' id='word_1_172' title='bbox 734 2331 1086 2389; x_wconf 74' lang='lat' dir='ltr'>carthaginensis</span> <span class='ocrx_word' id='word_1_173' title='bbox 1119 2330 1276 2392; x_wconf 59' lang='lat' dir='ltr'>synodi</span> <span class='ocrx_word' id='word_1_174' title='bbox 1300 2330 1465 2376; x_wconf 83' lang='lat' dir='ltr'>habitae</span> <span class='ocrx_word' id='word_1_175' title='bbox 1495 2349 1562 2378; x_wconf 80' lang='lat' dir='ltr'>an.</span> <span class='ocrx_word' id='word_1_176' title='bbox 1600 2334 1708 2389; x_wconf 70' lang='grc'>416.</span> 
     </span>
     <span class='ocr_line' id='line_1_26' title="bbox 334 2395 1716 2463; baseline -0.001 -20"><span class='ocrx_word' id='word_1_177' title='bbox 334 2399 493 2463; x_wconf 86' lang='lat' dir='ltr'>quibus</span> <span class='ocrx_word' id='word_1_178' title='bbox 513 2396 768 2441; x_wconf 87' lang='lat' dir='ltr'>Innocentio</span> <span class='ocrx_word' id='word_1_179' title='bbox 802 2396 1073 2454; x_wconf 79' lang='lat' dir='ltr'>significatur</span> <span class='ocrx_word' id='word_1_180' title='bbox 1103 2395 1214 2456; x_wconf 74' lang='lat' dir='ltr'>jam</span> <span class='ocrx_word' id='word_1_181' title='bbox 1258 2407 1368 2439; x_wconf 76' lang='lat' dir='ltr'>ante</span> <span class='ocrx_word' id='word_1_182' title='bbox 1387 2397 1542 2452; x_wconf 79' lang='lat' dir='ltr'>ferme</span> <span class='ocrx_word' id='word_1_183' title='bbox 1579 2414 1716 2459; x_wconf 77' lang='lat' dir='ltr'>qum-</span> 
     </span>
    </p>
   </div>
   <div class='ocr_carea' id='block_1_7' title="bbox 334 2467 1716 2678">
    <p class='ocr_par' dir='ltr' id='par_1_7' title="bbox 334 2467 1716 2678">
     <span class='ocr_line' id='line_1_27' title="bbox 334 2467 1715 2536; baseline 0 -19"><span class='ocrx_word' id='word_1_184' title='bbox 334 2471 597 2536; x_wconf 73' lang='lat' dir='ltr'>quetzm&#39;um</span> <span class='ocrx_word' id='word_1_185' title='bbox 630 2467 758 2513; x_wconf 84' lang='lat' dir='ltr'>fuisse</span> <span class='ocrx_word' id='word_1_186' title='bbox 783 2467 947 2513; x_wconf 85' lang='lat' dir='ltr'>ibidem</span> <span class='ocrx_word' id='word_1_187' title='bbox 982 2467 1035 2512; x_wconf 79' lang='lat' dir='ltr'>(le</span> <span class='ocrx_word' id='word_1_188' title='bbox 1073 2467 1278 2513; x_wconf 87' lang='lat' dir='ltr'>Coelestio</span> <span class='ocrx_word' id='word_1_189' title='bbox 1306 2467 1571 2527; x_wconf 76' lang='lat' dir='ltr'>judicatum.</span> <span class='ocrx_word' id='word_1_190' title='bbox 1605 2472 1715 2527; x_wconf 86' lang='lat' dir='ltr'>Quae</span> 
     </span>
     <span class='ocr_line' id='line_1_28' title="bbox 338 2541 1716 2601; baseline -0.002 -9"><span class='ocrx_word' id='word_1_191' title='bbox 338 2557 479 2592; x_wconf 82' lang='lat' dir='ltr'>autem</span> <span class='ocrx_word' id='word_1_192' title='bbox 502 2543 548 2588; x_wconf 89' lang='lat' dir='ltr'>in</span> <span class='ocrx_word' id='word_1_193' title='bbox 586 2558 685 2587; x_wconf 87' lang='lat' dir='ltr'>eum</span> <span class='ocrx_word' id='word_1_194' title='bbox 711 2552 818 2587; x_wconf 89' lang='lat' dir='ltr'>tunc</span> <span class='ocrx_word' id='word_1_195' title='bbox 852 2559 873 2586; x_wconf 83' lang='lat' dir='ltr'>a</span> <span class='ocrx_word' id='word_1_196' title='bbox 908 2541 1089 2587; x_wconf 79' lang='lat' dir='ltr'>Paulino</span> <span class='ocrx_word' id='word_1_197' title='bbox 1114 2541 1300 2586; x_wconf 80' lang='lat' dir='ltr'>diacono</span> <span class='ocrx_word' id='word_1_198' title='bbox 1333 2542 1504 2601; x_wconf 76' lang='lat' dir='ltr'>objecta</span> <span class='ocrx_word' id='word_1_199' title='bbox 1527 2543 1612 2588; x_wconf 86' lang='lat' dir='ltr'>sint</span> <span class='ocrx_word' id='word_1_200' title='bbox 1646 2561 1716 2590; x_wconf 89' lang='lat' dir='ltr'>re-</span> 
     </span>
     <span class='ocr_line' id='line_1_29' title="bbox 335 2614 1715 2678; baseline -0.001 -12"><span class='ocrx_word' id='word_1_201' title='bbox 335 2620 417 2666; x_wconf 87' lang='lat' dir='ltr'>fert</span> <span class='ocrx_word' id='word_1_202' title='bbox 440 2616 705 2678; x_wconf 85' lang='lat' dir='ltr'>Augustinus</span> <span class='ocrx_word' id='word_1_203' title='bbox 739 2616 783 2662; x_wconf 89' lang='lat' dir='ltr'>in</span> <span class='ocrx_word' id='word_1_204' title='bbox 826 2615 904 2662; x_wconf 89' lang='lat' dir='ltr'>lib.</span> <span class='ocrx_word' id='word_1_205' title='bbox 937 2614 991 2661; x_wconf 85' lang='lat' dir='ltr'>de</span> <span class='ocrx_word' id='word_1_206' title='bbox 1014 2617 1202 2661; x_wconf 79' lang='lat' dir='ltr'>Peccato</span> <span class='ocrx_word' id='word_1_207' title='bbox 1233 2617 1339 2676; x_wconf 89' lang='lat' dir='ltr'>orig.</span> <span class='ocrx_word' id='word_1_208' title='bbox 1367 2634 1405 2663; x_wconf 90' lang='lat' dir='ltr'>c.</span> <span class='ocrx_word' id='word_1_209' title='bbox 1439 2618 1481 2664; x_wconf 85' lang='lat'>3.</span> <span class='ocrx_word' id='word_1_210' title='bbox 1507 2628 1548 2663; x_wconf 82' lang='lat' dir='ltr'>et</span> <span class='ocrx_word' id='word_1_211' title='bbox 1572 2619 1615 2674; x_wconf 71' lang='grc'>4.</span> <span class='ocrx_word' id='word_1_212' title='bbox 1642 2618 1715 2665; x_wconf 90' lang='lat' dir='ltr'>sed</span> 
     </span>
    </p>
   </div>
  </div>
 </body>
</html>
