1799 3251
583 283 794 317 Ems'rotA
829 284 963 317 CXLII.
1404 271 1464 337 87

40 354 44 359 '
90 349 172 397 sub
195 359 293 396 tam
309 348 472 396 excelso
492 350 650 413 capite,
677 350 723 396 in
746 361 834 397 tam
859 350 1044 411 glorioso
1061 368 1242 415 corpore
1261 352 1467 416 persista-

88 437 201 477 mus,
228 420 274 466 in
300 436 388 484 quo
406 419 591 466 invicem
615 421 810 467 membra
830 438 991 468 sumu&
1019 422 1142 467 Unde
1165 423 1242 468 etsi
1266 423 1464 469 remotis-

86 491 205 536 simis
241 491 363 537 terris
399 507 492 536 mea
513 491 750 555 longinqua
790 503 893 537 esset
925 492 1115 537 absentia
1133 530 1144 548 ‚
1166 492 1209 537 in
1235 492 1309 537 illo
1334 493 1462 538 simul

84 577 287 617 essemus,
313 579 336 607 a
359 565 483 621 cujus
504 564 699 626 corporis
726 563 889 608 unitate
909 562 1105 607 recedere
1128 580 1210 607 non
1233 562 1454 610 debemus.

85 632 132 678 Si
148 632 262 678 enim
283 649 360 678 nos
384 649 470 678 una
498 633 652 680 domus
685 633 884 686 haberet,
913 634 1063 697 utique
1086 633 1214 679 simui
1233 651 1317 679 esse
1339 633 1460 679 dice-

82 719 227 748 remur
255 720 264 747 :
293 714 458 766 quanto
476 705 610 764 magis
637 704 765 749 simul
789 721 953 759 sumus,
984 721 1083 748 cum
1102 704 1146 748 in
1168 721 1254 749 uno
1279 720 1462 767 corpore

83 773 212 819 simul
246 776 424 819 sumus?
467 774 730 838 Quanquam
754 776 881 820 etiam
914 775 955 819 in
979 791 1063 820 una
1087 773 1218 819 domo
1261 791 1337 819 nos
1372 792 1458 820 esse

81 844 247 889 Veritas
284 845 378 907 ipsa
419 855 624 899 testatum
653 846 856 908 quoniam
894 856 1039 891 sancta
1074 845 1326 908 Scriptura,
1356 862 1456 908 quae

78 932 237 979 corpus
258 916 423 962 Christi
442 933 527 962 esse
543 917 651 962 dicit
666 917 923 973 Ecclesiam?
945 918 1037 981 ipsa
1052 915 1200 962 itidem
1218 916 1341 973 dicit,
1368 918 1456 963 Ec-

75 986 247 1033 clesiam
270 987 465 1034 eamdem
484 1006 569 1035 esse
593 989 778 1035 domum
801 990 894 1035 Dei.

140 1059 199 1105 ΙΙ.
224 1058 308 1104 Sed
326 1059 423 1105 haec
447 1059 603 1106 domus
627 1078 714 1106 non
739 1060 856 1106 orbis
884 1071 1008 1105 terrae
1026 1077 1113 1106 uno
1129 1060 1286 1120 angulo
1311 1060 1455 1106 aedifi-

75 1138 217 1185 catur,
239 1129 311 1175 sed
331 1147 407 1193 per
429 1147 600 1177 omnem
625 1142 799 1178 terram.
825 1130 948 1176 [nde
972 1129 1041 1175 ille
1061 1130 1276 1186 Psalmus,
1302 1130 1347 1175 iu
1371 1148 1453 1176 cu-

67 1201 140 1259 jUs
180 1199 305 1245 titulo
335 1200 519 1260 legitur:
550 1201 784 1258 «Quando
825 1200 980 1246 domus
1015 1199 1319 1245 aedificabatur
1357 1211 1456 1264 post

74 1290 96 1312 n
113 1271 409 1334 captivitatem
433 1309 444 1329 ‚
489 1273 550 1318 sic
571 1273 729 1336 incipit
749 1290 759 1316 :
796 1273 979 1318 Caritate
1004 1270 1192 1317 Domino
1218 1271 1451 1317 Canticum

73 1361 95 1383 >2
115 1358 306 1395 novun13
343 1353 512 1389 cantate
549 1344 738 1389 Domino
763 1343 900 1388 omnis
929 1353 1039 1387 terra
1059 1341 1092 1388 4.
1112 1363 1132 1383 υ
1159 1343 1211 1386 In
1243 1352 1452 1387 vetustate

71 1411 240 1475 quippe
260 1413 413 1458 veteris
432 1412 644 1468 hominis,
675 1413 823 1458 orbem
863 1423 987 1458 terrae
1013 1411 1215 1457 diabolus
1250 1411 1450 1475 captiva-

69 1493 212 1537 verat3
241 1494 339 1546 post
378 1484 493 1530 hanc
536 1485 831 1548 captivitatem
869 1501 969 1529 cum
1004 1482 1248 1528 aedificatur
1267 1482 1447 1539 domus,

67 1555 288 1600 renovatio
308 1554 499 1600 fidelium
522 1556 789 1615 significatur
808 1555 852 1600 iu
876 1554 1054 1600 homine
1072 1571 1200 1600 novo.
1228 1553 1352 1599 Unde
1376 1554 1449 1599 di-

68 1624 127 1670 cit
150 1624 387 1688 Apostolus
409 1644 418 1670 :
449 1648 468 1666 α
487 1628 636 1672 Exuite
660 1644 733 1672 vos
754 1637 936 1671 veterem
956 1625 1197 1681 hominem,
1218 1634 1258 1669 et
1279 1624 1446 1670 induite

67 1715 88 1737 >³
106 1711 222 1752 eum,
263 1695 339 1760 qui
363 1697 601 1742 secundum
631 1701 770 1742 Deum
788 1706 956 1741 creatus
978 1705 1037 1740 est
1058 1695 1074 1722 2
1102 1712 1111 1739 :
1135 1715 1154 1735 ›>
1171 1705 1211 1739 et
1237 1694 1445 1757 quiahoc

64 1783 143 1829 pei·
165 1782 337 1811 omnem
360 1768 516 1812 terram
549 1768 598 1812 fit
630 1768 673 1811 iu
700 1766 864 1812 unitate
887 1764 1126 1819 catholica;
1153 1765 1264 1810 sicut
1289 1765 1332 1809 in
1360 1764 1443 1810 alio

64 1835 235 1881 Psalmo
247 1836 411 1881 dictum
430 1847 513 1881 est:
533 1858 552 1878 ε(
568 1838 619 1882 {it
634 1854 763 1900 super
776 1853 948 1881 omnem
961 1846 1115 1880 terram
1128 1835 1262 1895 gloria
1279 1845 1352 1880 tua
1365 1834 1382 1862 3
1399 1854 1445 1892 ς»

62 1906 124 1952 sic
142 1907 187 1951 iu
205 1907 286 1952 isto
308 1924 408 1953 cum
423 1907 588 1953 dictum
611 1919 715 1952 esset
734 1925 744 1951 :
764 1928 781 1947 ε(
800 1909 981 1952 Cautate
1001 1905 1193 1951 Domino
1209 1905 1441 1951 Canticum

63 1998 84 2020 »
101 1978 313 2034 novum-3,
345 2001 364 2021 ›>
389 1990 435 2024 ut
457 1978 825 2024 demonstraretur
858 1977 1038 2042 quando
1063 1976 1217 2023 domus
1252 1976 1441 2023 aedifica-

62 2059 133 2095 tur
169 2049 214 2094 in
238 2049 323 2095 isto
356 2051 538 2097 Cantico
578 2067 710 2107 novo,
762 2049 972 2095 continuo
1008 2049 1295 2108 subjunctum
1339 2059 1401 2094 est
1426 2067 1436 2094 ι

61 2142 82 2162 «
109 2120 291 2165 Cantate
331 2121 518 2167 Domino
545 2121 684 2167 omnis
709 2131 836 2166 terra.
864 2141 882 2161 »
911 2119 1144 2182 Operarios
1164 2128 1325 2173 autem,
1361 2136 1440 2182 per

59 2209 167 2255 quos
201 2191 282 2237 ista
304 2202 393 2237 tam
420 2210 576 2252 magna
607 2191 763 2237 domus
788 2189 1051 2245 aedificatur,
1087 2189 1202 2234 idem
1239 2188 1438 2235 Psalmus

56 2262 327 2318 exhortatur,
348 2279 450 2308 cum
470 2273 781 2326 consequenter
808 2261 915 2307 dicit
943 2279 953 2305 :
974 2283 992 2302 ε(
1021 2261 1134 2306 Bene
1158 2259 1358 2304 nuntiate
1378 2258 1434 2305 de

58 2355 79 2376 »
105 2333 176 2380 die
196 2352 243 2380 ex
266 2333 335 2379 die
358 2333 542 2380 salutare
561 2337 667 2394 ejus,
693 2333 947 2386 annuntiate
965 2332 1010 2377 in
1030 2331 1230 2392 gentibus
1251 2329 1433 2389 gloriam

57 2426 78 2447 ›>
96 2408 205 2465 ers,
231 2405 277 2451 in
295 2405 499 2452 omnibus
514 2405 691 2470 populis
706 2404 921 2450 mirabilia
941 2407 1032 2464 ejus
1054 2420 1063 2448 :
1082 2425 1102 2444 »
1121 2412 1162 2448 et
1181 2400 1312 2465 paule
1332 2411 1435 2465 post

57 2475 166 2523 dicit
192 2495 204 2523 ε
232 2498 252 2520 c<
275 2479 432 2525 Afferte
454 2478 644 2524 Domino
670 2477 823 2541 patriae
848 2475 1061 2537 gentium,
1080 2474 1226 2520 afferte
1245 2474 1432 2520 Domino

103 2591 213 2627 ¹Psat.
230 2607 304 2636 xcv,
323 2607 351 2627 1.
369 2614 415 2621 —
430 2593 446 2617 ²
464 2593 579 2639 Ephes.
607 2605 652 2635 iv,
668 2605 723 2628 22.
741 2612 782 2619 -—
803 2591 817 2616 3
831 2593 997 2636 Psal.1.v1‚
1020 2602 1070 2624 12.
1087 2609 1134 2616 —
1155 2588 1168 2613 ⁴
1187 2588 1234 2622 id.
1254 2599 1328 2629 xcv,
1349 2600 1380 2625 t.
