1799 3251
519 241 522 244 ⁴
576 265 786 295 Erlsrom
823 267 985 296 (mxvii.
1375 254 1464 300 351

95 331 358 385 succedaut;
385 330 503 378 velut
526 330 603 393 qui
627 329 822 377 ebriosus
839 329 1267 387 fue1=it,<i1=.10dicum
1286 332 1469 385 biberit.

95 413 138 448 et
180 403 449 449 tenacitatem
487 412 529 446 et
552 400 834 447 ambitionem
860 400 1075 447 didicerit.
1120 403 1306 446 Possunt
1328 402 1477 466 itaque

97 473 201 523 vitia
219 473 347 519 etiam
367 471 518 519 cedere
534 470 648 517 vitiis
669 470 1020 526 succedentibus,
1052 489 1134 516 non
1155 472 1410 527 virtutibus,
1433 483 1476 517 et

97 542 194 593 idco
207 542 332 605 plura
351 552 464 588 sunt.
495 541 642 585 Virtus
654 556 754 585 vero
770 556 856 602 quo
878 557 963 586 una
983 541 1171 601 ingressa
1192 541 1341 597 fucrit,
1368 536 1476 606 quo-

98 613 216 661 niam
234 629 381 659 secum
405 621 582 657 caeteras
605 610 746 665 ducit,
784 610 982 672 profecto
1021 612 1127 656 vitia
1150 611 1305 657 cedent
1329 612 1476 657 omnia

99 700 389 747 quaecumque
412 684 595 729 inerant.
630 684 728 728 Non
747 681 862 725 enim
886 681 1031 726 omnia
1067 681 1257 737 inerant,
1296 683 1368 727 sed
1399 683 1479 728 ali-

100 753 278 818 quando
299 752 498 807 totidem,
530 751 766 815 aliquando
783 751 911 814 plura
937 751 1248 814 paucioribus,
1275 751 1343 798 vel
1365 769 1481 816 pau-

102 825 221 872 ciora
240 824 444 887 pluribus
462 823 772 869 succedebant.

167 894 223 941 X.
246 894 355 940 Haee
374 905 520 940 utrum
543 893 602 939 ita
617 910 658 938 se
672 893 883 948 habeant,
905 891 1155 951 diligentius
1175 891 1484 954 inquirendum

104 975 182 1011 est.
210 965 308 1010 Non
331 964 445 1010 enim
469 975 511 1009 et
546 963 626 1009 ista
651 963 798 1008 divina
832 963 1041 1008 sementia
1075 973 1152 1013 est,
1179 978 1265 1025 qua
1300 962 1479 1016 dicitur,

107 1035 195 1092 Qui
215 1052 346 1080 uuam
370 1035 576 1080 virtutem
612 1034 834 1083 habuerit,
859 1051 1007 1079 omnes
1030 1033 1190 1085 habet3
1217 1033 1343 1095 cique
1367 1032 1484 1078 nulla

106 1106 231 1159 inest,
253 1107 324 1151 cui
344 1122 428 1151 una
467 1105 666 1152 defuerit.
711 1104 797 1150 Sed
832 1104 1086 1150 hominibus
1114 1103 1201 1148 hoc
1227 1103 1363 1148 visum
1401 1114 1479 1158 est,

108 1175 295 1223 multum
319 1175 496 1239 quidem
517 1175 764 1235 ingeniosis,
804 1174 1024 1225 studiosis,
1065 1173 1135 1217 scd
1164 1184 1307 1217 tamen
1337 1173 1486 1218 homi-

109 1246 253 1292 nibus.
283 1247 373 1305 Ego
395 1262 496 1292 vero
517 1245 660 1290 nescio
687 1243 1056 1307 quemadmodum
1082 1243 1225 1287 dicam
1243 1279 1253 1296 ,
1278 1259 1364 1287 non
1388 1242 1486 1288 dico

108 1316 251 1364 virum
274 1335 296 1362 a
317 1332 405 1378 quo
428 1314 707 1360 denominata
746 1314 909 1359 dicitur
944 1313 1097 1367 virtus,
1135 1312 1208 1357 scd
1230 1313 1360 1358 ctizm
1385 1329 1486 1358 mu-

109 1385 274 1440 lierem,
316 1402 415 1448 quae
439 1385 532 1431 viro
565 1401 641 1430 suo
668 1395 808 1429 servat
835 1383 952 1428 thori
991 1382 1141 1437 fidem,
1191 1385 1225 1426 si
1250 1381 1336 1427 hoe
1358 1382 1488 1427 faciat

112 1465 292 1519 propter
313 1465 585 1518 praeceptum
602 1465 642 1500 et
664 1454 920 1517 promissum
941 1452 1042 1508 Dei,
1065 1453 1190 1514 eique
1207 1451 1411 1514 primitus
1438 1453 1491 1498 sit

115 1526 271 1582 fidelis,
288 1543 374 1575 non
391 1526 550 1570 habere
567 1525 842 1588 pudicitiam,
868 1535 944 1569 aut
964 1523 1224 1585 pudicitiam
1243 1522 1407 1567 nullam
1422 1523 1489 1568 vcl

115 1614 297 1662 parvam
317 1613 402 1642 esse
418 1596 621 1642 virtutem
643 1613 656 1642 ε
678 1596 737 1641 sic
754 1606 796 1640 et
822 1597 1044 1648 maritum,
1070 1594 1145 1657 qui
1162 1593 1247 1638 hoc
1263 1592 1377 1638 idem
1401 1611 1491 1638 ser-

116 1677 191 1714 vat
209 1667 344 1712 uxori.
376 1667 431 1711 Et
454 1677 597 1712 tamen
621 1676 722 1711 sunt
748 1665 929 1728 plurimi
955 1663 1072 1719 tales,
1097 1680 1282 1726 quorum
1305 1664 1392 1708 sine
1408 1664 1492 1709 ali-

118 1755 207 1801 quo
225 1747 405 1801 peccato
424 1754 510 1782 esse
534 1737 748 1781 neminem
767 1735 946 1781 dixerim
974 1752 984 1779 ι
1015 1745 1056 1779 et
1078 1735 1228 1796 utique
1248 1733 1355 1778 illud
1380 1751 1493 1796 qua-

117 1808 348 1870 lecumque
371 1818 602 1870 peccatum
623 1824 669 1851 ex
692 1806 838 1869 aliquo
855 1806 959 1850 vitio
984 1805 1115 1850 veuit.
1146 1803 1267 1849 [nde
1283 1804 1495 1866 pudicitia

122 1877 416 1938 conjugalisin
438 1878 539 1923 viris
559 1877 837 1939 foeminisquc
854 1875 1059 1935 religiosis
1079 1875 1496 1938 cumproculdubio

123 1949 261 1999 virtus
287 1949 358 2003 sit,
381 1965 468 1993 non
485 1948 596 1993 enim
619 1959 692 1993 aut
716 1947 843 1998 nihih
869 1957 944 1992 aut
970 1947 1122 1992 xitium
1143 1956 1222 2001 est,
1250 1964 1336 1991 non
1355 1956 1496 1991 tamen

124 2035 268 2065 secum
293 2017 431 2063 habet
469 2035 616 2064 omnes
654 2018 850 2063 virtutes,
896 2017 1005 2061 Nam
1030 2017 1063 2061 si
1089 2033 1236 2061 omnes
1253 2016 1316 2061 ihi
1339 2028 1493 2071 essent,

124 2088 296 2136 nullum
314 2099 419 2135 esset
441 2089 623 2143 vitium3
651 2089 684 2134 si
707 2088 878 2134 nullum
910 2088 1088 2143 vitium,
1125 2086 1295 2132 nullum
1322 2088 1498 2132 omnino

126 2169 371 2223 peccatum.
394 2159 503 2215 Quis
522 2170 663 2205 autem
682 2159 772 2205 sine
786 2158 932 2221 aliquo
947 2160 1152 2221 peccato-‚³
1173 2159 1280 2213 Quis
1296 2175 1395 2217 ergo
1413 2158 1502 2203 sine

129 2229 276 2293 aliquo
299 2229 423 2285 vitio,
451 2229 496 2275 id
517 2241 592 2287 est,
611 2229 761 2276 fomite
780 2229 991 2292 quodam,
1023 2228 1086 2273 vel
1106 2228 1228 2291 quasi
1246 2228 1390 2273 radice
1408 2245 1503 2291 pcc·

130 2301 233 2356 cati,
261 2316 363 2345 cum
383 2299 539 2346 clamet
556 2302 630 2363 qui
657 2318 786 2363 supra
808 2311 962 2362 pectus
990 2299 1167 2343 Domini
1190 2299 1501 2343 recumbebat:

131 2392 153 2413 «
178 2370 224 2416 Si
249 2369 499 2426 dixerimus,
520 2372 622 2434 quia
659 2381 886 2434 peccatum
916 2386 1001 2414 non
1034 2369 1266 2421 habemus,
1290 2386 1368 2414 nos
1394 2368 1509 2432 ipsos

135 2463 155 2483 »
176 2440 438 2505 decipimuS,
470 2451 510 2486 et
541 2441 695 2488 veritas
718 2441 762 2487 in
788 2441 914 2486 nobis
939 2457 1023 2486 non
1049 2450 1110 2484 est
1128 2437 1171 2485 ¹?
1192 2461 1210 2494 η
1252 2440 1401 2502 Neque
1427 2438 1512 2483 hoc

142 2509 261 2576 apud
277 2520 318 2562 te
340 2509 506 2557 diutius
527 2511 741 2573 agendum
762 2521 847 2564 est;
871 2509 943 2556 sed
970 2520 1150 2573 propter
1173 2508 1295 2566 alios,
1313 2509 1390 2573 qui
1406 2507 1514 2554 forte

188 2595 197 2617 ¹
222 2605 232 2626 x
253 2595 350 2628 Joan.
370 2605 400 2633 1,
422 2594 455 2627 8.
