1799 3251
578 293 788 326 ErlsronA
825 295 976 327 civim.
1391 284 1474 330 281

108 367 230 423 situs,
258 377 304 412 ut
310 369 400 426 jam
420 364 506 410 dixi
528 372 694 423 veget0‚
713 372 885 408 strenua
898 363 1035 409 utitur
1052 364 1207 410 mentis
1226 363 1481 424 intentione,

106 446 271 500 quanto
289 435 423 494 magis
436 432 676 496 expeditus,
699 431 835 491 agilis,
853 444 1044 492 vegetus,
1061 434 1242 491 fervens,
1260 445 1476 491 strenuus,

105 507 294 551 intentus
325 506 431 559 erit,
459 514 499 549 et
522 502 725 566 capacior
748 502 932 548 efficitur
961 521 1010 549 ac
1035 504 1188 550 melior
1203 541 1215 561 ,
1241 515 1290 550 ut
1311 505 1356 550 in
1378 521 1479 550 cor-

104 593 209 639 pore
245 576 411 638 positus
446 572 680 634 gustaverit
717 572 936 620 virtutem.
971 574 1071 630 Quo
1109 574 1306 637 deposito
1343 575 1479 635 magis

104 663 278 709 quoque
302 646 489 690 abstersa
510 643 625 688 nube
645 679 654 697 ‚
684 652 796 687 totus
821 660 991 688 serenus
1015 645 1190 689 effectus
1201 655 1281 700 est,
1299 645 1343 689 in
1363 654 1479 690 tran-

103 715 316 779 quillitate
353 715 440 760 sine
468 714 700 759 tentatione
730 714 923 775 positus,
953 713 1096 759 videat
1117 714 1238 777 quod
1256 714 1476 760 desidera-

105 786 240 841 verit,
276 785 542 848 amplexetur
576 783 692 846 quod
732 784 907 828 amavit.
941 784 1213 829 Recordetur
1239 801 1414 847 quoque
1437 796 1480 831 et

106 856 345 901 amicorum
369 892 378 911 ‚
403 866 443 900 et
473 872 579 918 quos
604 859 694 913 jam
721 854 1014 916 praemiserat,
1047 865 1251 914 agnoscat
1269 892 1278 910 ‚
1307 866 1348 900 et
1372 872 1480 918 quos

105 936 202 989 post
227 943 268 971 se
293 925 479 976 dimisit3
508 925 618 969 forte
645 924 704 969 sic
723 935 805 979 est,
834 941 910 984 ego
928 925 1071 970 nescio
1091 962 1100 980 ‚
1126 924 1289 971 discere
1308 942 1472 988 quaero.

101 995 214 1040 Satis
235 1006 378 1041 autem
400 1013 466 1041 me
489 994 741 1058 perturbat,
770 995 803 1039 si
830 1012 1028 1058 soporem
1055 995 1288 1058 quemdam
1317 996 1480 1059 accipit

102 1066 267 1111 animus
288 1067 405 1129 ipse,
435 1083 486 1110 ne
521 1064 613 1110 talis
637 1065 691 1109 sit
714 1101 723 1119 ,
750 1065 888 1127 qualis
916 1083 1013 1111 cum
1041 1065 1203 1110 dormit
1227 1066 1271 1110 in
1296 1083 1480 1129 corpore

100 1137 383 1191 constitutus,
424 1136 546 1198 quasi
579 1134 772 1198 sepultus
792 1172 801 1190 ‚
836 1146 877 1181 et
905 1137 950 1181 in
975 1153 1050 1199 spe
1084 1146 1255 1181 tantum
1289 1137 1436 1182 vivens
1465 1154 1475 1182 :

101 1216 306 1251 caeterum
331 1206 440 1251 nihil
465 1206 632 1250 habens
649 1242 659 1260 ‚
687 1204 798 1249 nihil
832 1205 967 1250 sciens
991 1228 1000 1261 3
1042 1206 1224 1251 maxime
1247 1206 1280 1250 si
1312 1207 1479 1252 somnio

101 1275 222 1321 nullo
242 1276 452 1339 pulsetur.
479 1276 591 1331 Quae
612 1292 676 1320 res
701 1275 982 1321 vehementer
1004 1286 1130 1321 terret
1153 1313 1163 1331 ,
1193 1286 1234 1321 et
1259 1277 1381 1340 quasi
1405 1294 1480 1322 ex-

104 1348 287 1393 tinctum
310 1347 478 1392 indicat
503 1346 710 1392 animum.
733 1370 752 1387 υ

167 1419 291 1462 Vlll.
338 1417 494 1463 «Illud
519 1418 646 1463 etiam
675 1434 854 1480 quaero,
889 1418 920 1463 si
954 1435 1114 1482 corpus
1147 1419 1312 1464 habere
1351 1418 1482 1464 fuerit

102 1489 357 1548 indagatus,
399 1499 545 1534 utrum
573 1498 615 1534 et
650 1488 796 1551 aliquo
824 1505 948 1535 sensu
982 1507 1069 1534 non
1102 1493 1270 1535 careat?
1298 1489 1425 1535 Certe
1449 1489 1483 1535 si

101 1576 191 1606 non
211 1559 424 1605 odorandi
443 1560 669 1605 necessitas
692 1560 747 1616 ei,
772 1570 819 1605 ut
838 1571 949 1623 puto
970 1598 980 1616 ,
1002 1560 1137 1620 ingeri
1158 1571 1317 1623 potest,
1342 1577 1481 1624 neque

103 1630 327 1691 gustandi,
351 1630 420 1676 sed
445 1648 523 1676 nec
548 1630 782 1691 tangendi:
808 1630 965 1676 dubito
992 1648 1211 1676 remanere
1237 1630 1414 1677 videndi
1439 1641 1483 1676 et

105 1700 324 1747 audiendi.
357 1702 467 1746 Nam
493 1701 601 1765 quid
625 1711 686 1746 est
705 1700 826 1764 quod
845 1701 994 1746 audire
1012 1701 1222 1746 dicuntur
1240 1700 1477 1757 daemones,

103 1772 253 1816 nonin
279 1771 482 1816 omnibus
506 1788 614 1834 quos
638 1781 817 1826 vexant,
842 1788 940 1816 nam
960 1782 1000 1816 et
1024 1772 1069 1816 in
1093 1771 1161 1816 his
1185 1770 1368 1834 quaestio
1391 1781 1479 1824 est3

105 1841 177 1886 scd
214 1841 339 1887 etiam
379 1858 479 1887 cuin
523 1851 737 1905 apparent
775 1843 818 1887 in
861 1842 1122 1904 corporibus
1158 1843 1260 1887 suis.
1292 1843 1354 1886 De
1387 1842 1482 1886 visu

106 1923 245 1957 aulem
281 1911 502 1974 quomodo
525 1922 746 1957 transeunt
769 1912 822 1957 de
859 1912 954 1957 loco
988 1912 1031 1956 in
1057 1911 1201 1956 locum
1219 1948 1228 1965 ‚
1265 1911 1297 1956 si
1322 1927 1483 1974 corpus

108 1981 298 2038 habent,
326 1983 358 2027 si
383 1999 505 2027 sensu
525 1981 685 2027 visibili
707 1981 818 2027 duce
846 1992 994 2026 carent
1009 1984 1026 2027 Ξ)
1045 1983 1178 2027 Putas
1199 1998 1286 2026 non
1305 1981 1364 2025 ita
1383 1991 1483 2026 sunt

109 2053 264 2099 animae
299 2053 509 2098 humanae
530 2070 628 2098 cum
664 2052 718 2098 de
746 2053 1006 2116 corporibus
1030 2052 1339 2112 egrediuntur,
1368 2061 1416 2096 ut
1443 2062 1484 2097 et

108 2141 266 2187 corpus
302 2123 482 2188 aliquod
517 2124 740 2180 habeant,
767 2135 808 2169 et
833 2140 954 2169 sensu
982 2123 1125 2186 aliquo
1159 2140 1247 2167 non
1271 2126 1483 2168 careant?

110 2195 230 2251 Quid
253 2205 314 2240 est
336 2206 378 2240 et
403 2194 512 2241 illud
532 2232 543 2251 ‚
571 2195 692 2258 quod
716 2195 912 2258 plerique
936 2194 1098 2239 mortui
1120 2193 1200 2241 visi
1224 2194 1383 2238 suntin
1407 2193 1484 2238 do-

110 2266 254 2310 mibus
276 2265 334 2310 ita
354 2265 520 2324 ingredi
546 2303 556 2320 ‚
586 2276 634 2311 ut
658 2265 771 2311 soliti
789 2276 888 2311 sunt
907 2303 917 2322 ‚
947 2275 1019 2310 aut
1043 2281 1122 2327 per
1142 2263 1255 2309 diem
1277 2301 1287 2319 ‚
1309 2273 1383 2309 aut
1406 2280 1485 2327 per

110 2346 279 2381 noctem
305 2352 327 2379 a
352 2335 658 2395 vigilantibus,
693 2336 747 2380 ab
779 2335 1150 2381 ambulantibus?
1183 2333 1282 2379 Non
1308 2333 1396 2379 hoc
1416 2350 1484 2379 se-

111 2407 195 2452 mel
223 2406 398 2461 audivi,
427 2416 468 2451 et
491 2406 601 2452 illud
627 2406 746 2471 quod
772 2407 936 2452 dicitur
953 2406 1214 2470 plerumque
1234 2405 1278 2450 in
1297 2405 1487 2469 quadam

115 2476 328 2540 particula
346 2476 482 2522 noctis
500 2513 510 2531 ,
531 2476 576 2522 in
596 2476 702 2523 locis
720 2477 763 2522 in
784 2477 946 2540 quibus
964 2477 1149 2522 humata
1161 2493 1345 2539 corpora
1366 2487 1483 2532 sunt,

113 2558 153 2592 et
179 2548 358 2593 maxime
395 2550 439 2592 in
462 2547 654 2594 basilicis
678 2548 770 2594 fieri
809 2547 1022 2593 tumultus
1052 2557 1095 2593 et
1126 2547 1352 2594 orationes.
1391 2548 1488 2593 Non

115 2617 229 2664 enim
250 2618 306 2664 ab
329 2634 413 2664 uno
440 2617 526 2664 hoc
554 2618 719 2665 audisse
745 2635 811 2664 me
836 2617 1036 2671 memiui;
1070 2634 1171 2664 narn
1202 2616 1317 2663 testis
1342 2628 1402 2663 est
1420 2617 1488 2663 vi·-
