1799 3251
526 315 738 348 EmsToLA
775 317 960 349 cmxxxv.
1339 304 1432 362 445

65 381 173 429 victi
197 381 296 438 sint,
323 381 527 445 quoniam
551 381 676 429 valde
701 381 866 444 prolixa
885 393 984 428 sunt
1008 385 1156 438 Gesta,
1179 392 1220 427 et
1240 382 1321 428 tibi
1341 383 1433 430 aliis

67 453 198 499 rebus
215 455 426 499 Romanae
443 453 545 516 paci
570 453 812 498 necessariis
841 463 1074 516 occupato,
1102 453 1287 499 multum
1301 465 1363 499 est
1386 465 1435 501 ut

67 520 268 581 legantur
285 560 296 578 ‚
325 523 593 568 Breviarium
630 539 778 567 eorum
816 523 895 567 tibi
922 522 1004 582 legi
1040 523 1217 568 forsitan
1255 524 1430 587 poterit,

66 592 186 654 quod
205 592 334 638 credo
356 593 516 638 habere
533 593 708 638 fratrem
728 602 769 638 et
785 592 1098 655 coepiscopum
1123 610 1266 639 meum
1288 594 1433 657 Opta-

65 670 158 706 tum
180 682 191 715 ;
219 673 291 707 aut
314 663 348 708 si
373 680 461 709 non
487 663 639 718 habet,
667 673 809 726 potest
827 662 1030 708 facillime
1051 664 1246 726 accipere
1271 664 1324 711 de
1348 666 1432 712 Ec·

63 730 190 777 clesia
205 732 420 777 Sitifensi:
451 732 809 796 quandoquidem
825 731 954 777 etiam
974 731 1084 777 liber
1118 733 1196 778 iste
1225 737 1318 792 jam
1355 751 1431 782 sua

64 800 307 865 prolixitate
320 803 435 848 curis
451 802 534 847 tuis
551 802 729 848 forsitan
748 819 952 848 onerosus
967 812 1044 847 est.

131 870 230 918 Vll.
262 873 358 918 Hoc
383 873 497 917 enim
522 873 706 933 contigit
740 872 975 918 Donatistis
992 909 1002 928 ‚
1032 871 1152 935 quod
1178 874 1437 920 accusatori-

64 939 148 986 bus
181 943 316 988 saneti
344 942 530 988 Danielis
553 942 587 987 1.
636 944 759 988 Sicut
792 943 905 988 enim
932 942 977 987 in
997 942 1091 987 illos
1122 942 1281 998 leones,
1310 944 1435 991 sicin

65 1011 167 1056 istos
191 1028 409 1058 conversae
433 1023 531 1058 sunt
555 1013 682 1073 leges,
705 1013 866 1077 quibus
885 1014 1159 1058 innocentem
1191 1015 1438 1077 opprimere

64 1081 323 1137 voluerunt3
347 1083 426 1128 nisi
447 1083 563 1146 quod
585 1083 1118 1147 proptermisericordiam
1149 1084 1330 1137 Christi,
1349 1102 1438 1131 ma-

66 1152 129 1212 gis
153 1170 235 1215 pro
258 1154 315 1199 eis
339 1165 438 1199 sunt
460 1155 552 1199 istec
590 1154 716 1214 leges,
745 1171 845 1218 quae
870 1154 952 1199 illis
985 1153 1189 1199 videntur
1210 1154 1398 1201 adversae
1421 1173 1432 1201 z

65 1223 270 1285 quoniam
301 1223 426 1269 multi
450 1242 523 1287 per
552 1224 645 1269 illas
664 1224 848 1270 correcti
871 1234 987 1277 sunt,
1013 1235 1053 1269 et
1083 1224 1278 1287 quotidie
1298 1225 1436 1271 corri-

65 1304 250 1351 guntur3
275 1304 370 1339 etse
384 1312 469 1339 esse
493 1306 725 1349 correctos,
745 1305 874 1357 atque
896 1295 950 1340 ab
971 1294 1043 1339 illa
1061 1294 1221 1340 furiosa
1248 1296 1439 1358 pernicie

64 1362 268 1409 liberatos
292 1365 446 1424 gratias
468 1375 613 1424 agunt.
650 1370 704 1410 Et
728 1366 803 1428 qui
838 1365 1019 1410 oderant
1045 1364 1250 1424 diligunt,
1284 1366 1440 1412 moles-

65 1442 215 1496 tasque
235 1435 318 1479 sibi
340 1434 467 1480 fuisse
493 1435 796 1480 saluberrimas
822 1434 950 1493 leges,
972 1445 1182 1497 quantum
1205 1436 1249 1479 in
1273 1435 1439 1483 insania

67 1502 410 1560 detestabantur,
440 1516 609 1550 tantum
631 1516 800 1568 recepta
826 1505 1004 1550 sanitate
1030 1504 1440 1564 gratulantur3etin

66 1573 274 1631 residuos,
288 1592 386 1620 cum
398 1576 558 1638 quibus
569 1575 754 1630 fuerant,
771 1575 1046 1638 periturijam
1063 1574 1191 1620 simili
1207 1574 1440 1622 dilectione

63 1644 313 1700 nobiscum,
336 1656 383 1690 ut
398 1646 776 1709 pariterinstemus
793 1663 842 1690 nc
862 1645 921 1690 illi
944 1655 1146 1707 pereant,
1175 1646 1429 1693 excitantur.

65 1714 270 1760 Molestus
289 1725 350 1760 est
372 1716 487 1760 enim
510 1727 551 1761 et
571 1715 764 1760 medicus
778 1714 937 1760 furenti
961 1715 1236 1777 phrenetico,
1258 1727 1300 1761 et
1317 1726 1440 1779 pater

65 1783 393 1847 indisciplinato
410 1784 527 1838 fil10;
551 1785 620 1830 ille
642 1784 834 1844 ligando,
855 1784 932 1829 iste
947 1784 1184 1839 eaedendo;
1213 1784 1286 1830 sed
1308 1786 1438 1832 ambo

65 1853 300 1914 diligendo.
327 1855 371 1900 Si
398 1866 537 1900 autem
559 1855 652 1900 illos
668 1855 901 1915 negligant,
928 1864 969 1899 et
995 1855 1134 1918 perire
1162 1855 1434 1917 permittant,

63 1926 142 1971 ista
162 1925 306 1988 potius
319 1926 602 1971 mansuetudo
623 1925 746 1979 falsa,
775 1925 964 1971 crudelis
989 1936 1064 1972 est.
1097 1926 1141 1970 Si
1159 1926 1273 1970 enim
1295 1942 1434 1990 equus

65 2005 107 2041 et
132 1995 292 2050 mulus,
318 1996 479 2060 quibus
500 2013 583 2041 non
607 2007 668 2042 est
691 1995 950 2051 intellectus,
991 1995 1207 2041 morsibus
1231 2007 1271 2042 et
1303 1997 1436 2043 calci-

63 2064 148 2111 bus
169 2065 371 2110 resistunt
400 2066 672 2121 hominibus,
695 2084 716 2111 a
750 2066 912 2129 quibus
934 2082 1085 2112 eorum
1119 2065 1311 2112 curanda
1333 2067 1436 2113 vul-

66 2151 168 2180 nera
194 2146 543 2190 contrectantur3
569 2147 725 2182 etcum
750 2137 861 2181 inter
879 2136 1028 2181 dentes
1045 2153 1193 2181 eorum
1232 2148 1273 2182 et
1302 2138 1439 2184 calces

67 2222 184 2268 saepe
228 2206 426 2252 homines
471 2207 795 2270 periclitentur,
842 2217 883 2252 et
929 2206 1164 2269 aliquando
1211 2219 1434 2265 vexentur,

65 2292 153 2321 non
179 2287 321 2323 tamen
339 2294 408 2322 cos
427 2277 645 2333 deserunt,
675 2277 814 2324 donec
850 2294 929 2340 per
949 2276 1116 2322 dolores
1150 2287 1191 2322 et
1227 2279 1439 2325 molestias

64 2346 340 2393 medicinales
363 2359 564 2393 revocent
606 2348 658 2393 ad
699 2348 913 2393 salutem:
945 2357 1110 2409 quanto
1145 2348 1279 2406 magis
1302 2348 1437 2394 homo

64 2417 122 2462 ab
147 2417 336 2476 homine,
357 2429 398 2463 et
416 2418 546 2464 frater
575 2436 596 2463 a
615 2417 758 2470 fratre,
784 2435 836 2463 ne
859 2419 905 2462 in
925 2428 1133 2462 aeternum
1152 2429 1317 2480 pereat,
1346 2435 1435 2464 non

64 2497 127 2534 est
147 2487 421 2547 deserenduS,
445 2490 520 2553 qui
550 2500 767 2537 correctus
804 2488 1039 2550 intelligere
1063 2498 1204 2553 potest
1225 2499 1438 2552 quantum

115 2597 126 2621 ¹
146 2601 225 2631 Dan.
249 2611 295 2638 vx,
318 2606 373 2637 24.
