1799 3251
616 266 828 298 EPISTOLA
864 268 939 297 cm·
950 268 997 297 11.
1399 253 1490 311 245

118 335 240 379 ribus
263 348 395 396 usque
434 333 478 378 in
501 332 615 377 diem
631 349 756 377 suum
781 332 982 377 ultimum
1011 333 1329 395 perduraverit,
1359 351 1493 397 quas-

117 404 226 449 libet
245 403 356 449 inter
394 402 491 447 haec
527 402 815 463 eleemosynas
848 401 995 457 faciat,
1044 413 1085 448 et
1111 404 1341 449 infeliciter
1366 404 1490 450 ducit

115 474 267 528 vitam,
293 483 334 518 et
355 471 571 517 infelicius
588 473 698 518 finit.

180 543 252 587 IV.
270 542 534 603 Respondet
549 543 618 586 cccl
628 544 935 604 qucestl'onem
958 543 1016 586 cle
1035 543 1182 588 libero
1199 544 1406 590 arbitrio.
1430 572 1491 579 -—

116 612 201 659 Sed
234 612 302 657 isti
326 622 560 674 utcumque
588 611 797 656 tolerandi
822 623 921 656 sunt
944 612 1121 674 quando
1143 613 1376 659 dicuntvel
1401 630 1491 659 esse

115 681 182 727 vel
197 680 326 726 fuisse
344 681 418 726 hic
437 681 642 743 aliquem,
668 692 825 744 praeter
847 697 980 725 unum
1002 692 1197 726 sanctum
1213 694 1483 738 sanctorum,

113 751 189 812 qui
220 750 389 795 nullum
416 750 598 796 haberet
623 752 800 796 omnino
824 761 1074 813 peccatum,
1104 751 1219 797 lllud
1244 769 1343 797 vero
1364 752 1486 815 quod

112 819 283 875 dicunt,
312 818 503 864 sufficere
538 820 707 865 homini
729 820 914 865 liberum
941 820 1170 866 arbitrium
1199 821 1252 866 ad
1277 821 1500 868 dominica

113 900 332 952 praecepta
357 889 598 952 implenda,
621 891 786 935 etiamsi
827 890 906 935 Dei
925 892 1058 950 gratia
1082 902 1123 936 et
1147 892 1325 954 spiritus
1351 893 1491 939 sancti

112 958 226 1003 dono
252 959 305 1004 ad
330 977 460 1022 opera
478 961 594 1005 bona
622 977 709 1005 non
740 960 988 1020 adjuvetur,
1023 962 1200 1007 omnino
1233 963 1490 1009 anathema-

113 1028 334 1074 tizandum
361 1040 442 1085 est,
470 1040 510 1074 et
550 1030 754 1075 omnibus
789 1031 1131 1077 execrationibus
1172 1032 1488 1080 detestandum.

112 1096 199 1153 Qui
220 1098 332 1144 enim
357 1099 444 1145 hoc
466 1111 678 1153 asserunt,
697 1118 717 1145 a
743 1102 879 1160 gratia
915 1102 987 1146 Dei
1005 1101 1179 1164 penitus
1204 1103 1331 1148 alieni
1352 1114 1450 1148 sunt
1478 1121 1489 1148 :

111 1188 129 1207 «
154 1168 268 1223 Quia
292 1169 537 1229 ignorantes
562 1171 924 1230 DeiJustitiam1,
951 1193 970 1213 υ
998 1172 1109 1216 sicut
1127 1171 1179 1216 de
1203 1172 1493 1220 Judaeisdicit

113 1237 346 1300 Apostolus
370 1257 381 1283 ε
402 1261 420 1280 «
443 1240 499 1284 Et
525 1256 643 1285 suam
666 1240 854 1286 volentes
895 1240 1169 1286 constituere.
1201 1242 1383 1300 Justitiae
1413 1242 1492 1288 Dei

114 1329 133 1347 υ
161 1324 247 1352 non
267 1319 366 1353 sunt
383 1309 568 1369 subjecti
585 1311 618 1356 ⁶².
651 1333 667 1349 »
694 1310 928 1356 Plenitudo
954 1311 1122 1373 quippe
1146 1311 1270 1370 Legis
1297 1328 1384 1356 non
1404 1321 1484 1367 est,

110 1377 188 1422 nisi
203 1377 407 1424 charitas.
432 1379 487 1423 Et
507 1380 656 1442 utique
671 1379 860 1425 charitas
872 1380 948 1425 Dei
970 1379 1125 1425 diffusa
1145 1383 1267 1426 estin
1283 1380 1494 1427 cordibus

111 1449 283 1503 nostris,
302 1465 390 1494 non
413 1467 491 1512 per
505 1467 584 1495 nos
598 1450 731 1513 iPSOS,
760 1468 839 1496 nec
869 1451 1036 1496 viribus
1057 1452 1252 1514 propriae
1286 1451 1494 1497 volunta-

111 1517 178 1574 tis,
197 1518 270 1564 sed
290 1536 370 1582 per
394 1520 607 1583 Spiritum
623 1531 821 1571 sanctum
837 1520 915 1584 qui
933 1519 1057 1566 datus
1073 1532 1134 1566 est
1158 1521 1284 1566 nobis
1305 1520 1336 1566 3.

173 1591 224 1638 V.
250 1591 375 1638 Valet
396 1593 542 1657 itaque
569 1593 756 1639 liberum
776 1593 1006 1639 arbitrium
1033 1594 1086 1639 ad
1127 1612 1258 1658 opera
1288 1595 1424 1650 bona,
1453 1595 1486 1640 si

107 1660 317 1707 divinitus
343 1662 592 1722 ajduvetur,
636 1663 754 1726 quod
777 1664 832 1708 sit
866 1663 1089 1709 humiliter
1111 1664 1298 1727 petendo
1339 1674 1380 1708 et
1420 1663 1488 1709 fa-

110 1730 280 1778 ciendo.
313 1733 538 1778 Desertum
560 1750 661 1778 vero
685 1733 902 1792 adjutorio
932 1733 1128 1796 qualibet
1149 1734 1326 1779 seientia
1364 1734 1489 1794 Legis

107 1800 303 1856 excellat,
327 1801 449 1848 nullo
474 1802 603 1848 modo
630 1803 1006 1862 habebitjustitiae
1024 1804 1304 1859 soliditatem,
1328 1803 1485 1849 sedin-

108 1869 326 1916 ssationem
348 1873 498 1935 impiae
515 1873 750 1935 superbiae,
777 1884 818 1917 et
843 1873 1066 1918 exitiosum
1090 1883 1317 1919 tumorem.
1348 1874 1486 1918 Docet

106 1940 192 1986 hoc
216 1942 365 1987 eadem
387 1944 480 2006 ipsa
502 1943 720 1989 dominica
745 1944 897 1989 oratio.
930 1944 1103 1988 Frustra
1136 1945 1251 1989 enim
1287 1954 1486 2003 rogantes

112 2012 246 2056 Deum
261 2012 473 2058 dicimus:
497 2035 517 2055 (ι
535 2013 855 2060 Nenosinferas
871 2014 917 2058 in
940 2013 1216 2059 tentationem
1235 2013 1276 2067 ³3
1301 2035 1320 2054 »
1346 2013 1378 2058 si
1394 2014 1480 2059 hoc

106 2082 147 2126 in
167 2093 312 2128 nostra
325 2084 385 2129 sic
400 2084 588 2147 positum
604 2095 665 2129 est
677 2094 902 2147 potestate,
920 2094 968 2129 ut
985 2083 1106 2129 nullo
1124 2084 1240 2129 illius
1265 2083 1482 2143 adjutorio

106 2152 146 2197 id
169 2153 385 2199 valeamus
412 2154 606 2216 implere.
643 2155 819 2199 Dictum
838 2165 899 2199 est
923 2154 1043 2198 enim
1073 2172 1082 2198 :
1106 2175 1126 2194 α
1152 2155 1213 2200 Ne
1229 2171 1304 2199 nos
1330 2154 1485 2199 inferas

107 2244 126 2262 »
151 2223 194 2267 in
221 2224 517 2279 tentationem,
545 2246 564 2265 »
587 2224 705 2288 quod
732 2223 1001 2283 intelligitur,
1025 2241 1075 2268 ne
1096 2242 1172 2269 nos
1197 2223 1344 2270 inferri
1366 2224 1484 2270 dese-

104 2293 238 2338 rende
255 2296 490 2357 permittas.
517 2315 537 2335 «
565 2294 722 2340 Fidelis
742 2295 856 2339 enim
876 2295 1008 2350 Deus,
1032 2295 1090 2338 ait
1122 2294 1370 2357 Apostolus,
1399 2295 1479 2357 qui

106 2385 125 2403 »
146 2380 230 2408 non
262 2381 337 2409 vos
360 2365 582 2427 permittet
622 2364 777 2410 tentari
811 2381 942 2427 supra
966 2364 1011 2408 id
1033 2363 1153 2427 quod
1182 2365 1376 2427 potestis,
1406 2363 1479 2410 sed

105 2454 123 2473 ›>
147 2431 270 2479 saciet
296 2451 394 2479 cum
426 2435 658 2480 tentatione
676 2435 802 2479 etiam
823 2435 1000 2488 exitum,
1029 2445 1073 2478 ut
1100 2435 1270 2496 possitis
1291 2436 1479 2480 sustine-

155 2545 160 2563 ¹
186 2545 275 2573 Rom.
299 2555 329 2583 x,
358 2547 384 2574 3.
408 2563 445 2568 *-
465 2541 1190 2583 Uknu,1‹⁷=.-31d.v‚5.-⁴.Ni;1u!1.
1209 2556 1251 2583 xi,
1281 2549 1332 2575 ij.
