1799 3251
601 277 811 307 EPISTOLA
849 278 993 306 ctxrx.
1387 264 1479 311 365

101 344 302 400 homine,
323 359 449 405 quem
471 343 662 404 suscepit
678 359 725 386 ex
748 341 940 401 virgine3
968 353 1009 386 et
1027 342 1218 405 Spiritus
1241 355 1418 390 sanctus
1437 345 1481 390 in

99 413 320 459 columbae
344 413 484 475 specie
501 412 718 475 corporali
746 429 757 456 ε
781 411 878 456 haec
909 413 1140 474 separatim
1169 413 1374 477 quidem,
1408 414 1480 460 sed

100 483 220 528 nullo
248 482 379 527 modo
404 493 598 544 separata
620 482 698 527 tria
717 481 789 526 illa
807 481 1120 529 demonstrant.

165 553 238 599 Vl.
271 553 338 598 Ad
360 552 444 597 hoc
471 564 707 616 utcumque
729 551 1058 611 intelligendum
1092 554 1348 600 assumimus
1381 573 1479 600 me-

100 623 308 678 moriam,
330 623 653 682 intelligentiam
668 660 678 678 ,
701 622 986 668 voluntatem.
1010 624 1221 679 Quamvis
1245 625 1357 670 enim
1378 626 1478 672 haec

100 695 187 740 suis
211 694 503 757 separatisque
527 694 799 756 temporibus
819 694 1069 752 singillatim
1089 694 1254 753 singula
1282 698 1480 742 enuntie-
1512 706 1515 707 ’

99 781 223 819 mus,
250 763 362 809 nihil
391 775 534 809 tamen
568 764 723 808 horum
759 763 848 808 sine
885 763 975 808 aliis
1000 763 1172 808 duobus
1205 765 1371 823 agimus
1407 777 1483 811 aut

100 833 300 880 dicimus.
340 834 428 878 tN'ec
454 834 550 878 ideo
576 832 773 896 putanda
809 843 907 878 sunt
939 833 1038 878 haec
1071 833 1153 878 tria
1191 834 1396 879 Trinitati
1421 836 1482 880 sic

101 917 353 967 comparata
370 941 380 959 ,
402 915 449 949 ut
471 905 588 948 omni
607 921 651 948 ex
679 914 800 966 parte
821 904 1094 949 conveniant.
1123 904 1208 948 Cui
1229 905 1341 949 enim
1367 905 1482 950 simi-

103 974 282 1019 litudini
304 975 349 1019 in
376 974 641 1036 disputando
673 975 969 1019 convenientia
991 985 1107 1019 tanta
1129 975 1406 1030 conceditur,
1435 986 1486 1021 ut

98 1045 136 1090 ei
160 1044 245 1099 rei,
271 1045 342 1089 cui
378 1044 627 1089 adhibenda
648 1055 710 1089 est
726 1081 735 1099 ‚
765 1062 813 1090 ex
838 1045 954 1090 omni
973 1056 1098 1108 parte.
1123 1049 1386 1107 coaptetur?
1412 1045 1482 1091 vel

101 1113 277 1177 quando
305 1131 351 1159 ex
377 1126 574 1159 creatura
603 1114 656 1159 ad
679 1116 929 1159 Creatorem
954 1114 1116 1178 aliquid
1147 1114 1284 1159 simile
1307 1116 1485 1160 assumi-

102 1187 206 1229 tur?
227 1185 377 1229 Primo
402 1201 502 1243 ergo
524 1185 568 1229 in
592 1184 679 1229 hoc
700 1185 920 1229 invenitur
939 1185 1017 1230 ista
1043 1184 1283 1230 similitudo
1303 1184 1485 1230 dissimi-

104 1254 181 1308 lis,
220 1253 343 1316 quod
370 1254 451 1298 tria
485 1254 581 1298 haec
601 1291 611 1307 ‚
649 1255 853 1298 memoria
876 1291 885 1307 ,
914 1254 1219 1313 intelligentia,
1244 1253 1448 1298 voluntas
1467 1291 1479 1310 ‚

103 1324 259 1369 animae
280 1323 427 1368 insunt
446 1360 455 1374 ,
477 1340 566 1367 non
585 1323 731 1368 eadem
755 1324 833 1368 tria
850 1361 860 1378 ‚
888 1334 948 1368 est
975 1324 1115 1368 anima
1137 1341 1147 1368 :
1170 1323 1242 1368 illa
1266 1341 1367 1369 vero
1389 1325 1486 1368 Tri-

103 1394 213 1439 nitas
247 1411 335 1438 non
369 1394 507 1448 inest,
545 1393 617 1438 sed
655 1394 747 1456 ipsa
783 1395 899 1438 Deus
928 1405 1002 1440 est.
1044 1393 1148 1438 ldeo
1172 1393 1235 1438 ibi
1272 1393 1484 1439 mirabilis

104 1465 358 1528 simplicitas
383 1464 743 1517 commendatur3
778 1465 879 1527 quia
915 1482 1001 1509 non
1036 1465 1099 1509 ibi
1131 1463 1249 1509 aliud
1279 1475 1341 1509 est
1371 1481 1485 1519 esse,

107 1534 224 1580 aliud
252 1533 488 1593 intelligere
504 1571 515 1583 ,
543 1534 606 1578 vel
625 1535 658 1579 si
678 1534 784 1597 quid
807 1534 924 1579 aliud
944 1534 996 1580 de
1019 1535 1097 1579 Dei
1114 1545 1266 1579 natura
1286 1533 1448 1579 dicitur
1471 1552 1482 1579 :

106 1605 251 1650 anima
273 1621 375 1649 vero
391 1605 494 1666 quia
515 1614 604 1659 est,
634 1605 762 1649 etiam
791 1604 897 1649 duni
917 1622 1005 1649 non
1029 1604 1255 1664 intelligit,
1281 1604 1398 1649 aliud
1423 1614 1486 1649 est

105 1673 226 1737 quod
249 1683 335 1729 est,
375 1673 494 1718 aliud
520 1673 638 1735 quod
666 1673 881 1732 intelligit.
924 1674 1089 1719 Deinde
1119 1676 1215 1736 quis
1239 1674 1394 1718 audeat
1420 1673 1485 1718 di-

107 1761 201 1790 cere
224 1745 397 1789 Patrem
417 1762 503 1789 non
523 1744 757 1803 intelligere
776 1762 854 1807 per
867 1762 909 1789 se
926 1745 1068 1807 ipsum
1087 1780 1098 1801 ,
1118 1744 1190 1789 sed
1212 1762 1289 1807 per
1308 1744 1484 1800 Filium,

107 1814 221 1859 sicut
244 1814 449 1859 memoria
475 1831 562 1858 non
587 1813 788 1873 intelligit
818 1831 897 1876 per
929 1832 971 1859 se
1005 1815 1144 1877 ipsam
1167 1851 1178 1869 ,
1210 1813 1281 1859 sed
1317 1831 1396 1876 per
1422 1815 1487 1859 in-

107 1883 352 1939 tellectum,
388 1884 455 1928 vel
488 1885 633 1946 potius
659 1884 801 1928 anima
833 1885 954 1946 ipsa,
983 1888 1053 1929 cui
1080 1885 1177 1929 haec
1202 1884 1375 1940 insunt,
1408 1902 1488 1948 per

106 1953 372 1998 intellectum
401 1953 702 1999 tantummodo
735 1953 962 2013 intelligit3
1000 1955 1110 1999 sicut
1131 1971 1210 2016 per
1233 1956 1485 2000 memoriam

109 2022 414 2067 tantummodo
449 2024 671 2069 meminit.
700 2034 742 2067 et
772 2041 850 2086 per
883 2023 1150 2069 voluntatem
1184 2024 1487 2069 tantummodo

111 2093 239 2138 vult?
267 2093 335 2137 Ad
356 2094 442 2138 hoc
463 2111 562 2153 ergo
587 2093 826 2138 adhibetur
849 2094 926 2139 ista
948 2094 1211 2145 similitudo,
1236 2105 1283 2139 ut
1310 2111 1489 2157 quoquo

111 2163 242 2208 modo
258 2163 539 2222 intelligatur,
557 2164 929 2227 quemadmodum
953 2166 1108 2210 horum
1125 2165 1257 2209 trium
1273 2165 1319 2209 in
1345 2167 1488 2209 anima

112 2251 213 2280 cum
239 2234 403 2293 singula
434 2235 609 2280 nomina
629 2236 927 2290 enuntiantur,
961 2237 1121 2299 quibus
1141 2235 1289 2281 eadem
1321 2235 1490 2294 singula

114 2305 482 2359 demonstrantur,
512 2316 655 2350 tamen
681 2306 1029 2368 unumquodque
1064 2322 1220 2350 nomen
1258 2304 1327 2350 his
1352 2306 1493 2350 tribus

114 2375 451 2438 cooperantibus
471 2375 736 2427 enuntiatur,
761 2393 859 2421 cum
880 2387 921 2421 et
941 2375 1257 2421 reminiscendo
1277 2385 1319 2420 et
1338 2375 1494 2420 intelli-

115 2445 253 2505 gendo
272 2456 313 2490 et
332 2445 517 2490 volendo
536 2445 698 2491 dicitur
719 2464 729 2490 ι
751 2447 810 2491 ita
831 2446 994 2492 nullam
1017 2464 1102 2492 esse
1121 2456 1362 2491 creaturam
1377 2483 1388 2501 ,
1406 2462 1494 2508 qua

115 2516 184 2561 vel
205 2517 318 2563 solus
337 2518 484 2572 Pater,
518 2517 585 2562 vel
611 2517 726 2563 solus
749 2517 881 2563 Filius
901 2554 911 2572 ,
936 2517 1001 2563 vel
1021 2517 1135 2563 solus
1160 2517 1349 2580 Spiritus
1370 2533 1498 2561 sanc-

124 2596 193 2632 tus
209 2586 548 2641 demonstretur,
567 2604 700 2651 quarn
717 2604 806 2633 non
819 2588 946 2634 simul
961 2589 1151 2635 Trinitas
1162 2596 1382 2651 operetur,
1398 2601 1500 2649 quae
