1799 3251
339 290 430 353 298
758 307 792 338 s.
836 307 1081 337 Aueosrlm
1118 307 1321 337 Episcopi

337 370 472 416 videri
497 389 507 416 z
531 371 588 417 ita
612 371 645 416 si
664 381 752 416 tota
780 371 954 434 penitus
976 371 1255 417 abstrahatur
1277 382 1406 436 atque
1430 371 1558 428 absit,
1586 371 1705 436 quod

336 442 385 487 fit
406 442 450 487 in
471 450 625 498 morte,
646 459 732 488 non
762 459 903 488 secum
927 442 1121 505 putanda
1137 452 1198 487 est
1222 441 1387 488 auferie
1413 442 1590 505 aliquod
1610 460 1712 488 cor-

334 529 415 576 pus
441 531 487 558 ex
511 530 707 576 corpore.
740 514 849 558 Nam
890 514 923 558 si
952 512 1162 563 auferret.
1204 512 1400 576 profecto
1435 514 1565 559 etiam
1611 530 1710 559 cum

335 582 576 628 dormimus
592 594 633 628 et
666 582 859 628 abscedit
880 583 936 627 ab
957 583 1112 638 oculis,
1151 583 1193 627 in
1219 593 1434 645 quantum
1475 599 1546 627 eos
1573 582 1709 627 relin-

334 653 447 716 quit,
473 653 517 698 in
546 663 711 700 tantum
737 652 884 699 oculos
917 670 1062 698 secum
1094 653 1279 698 auferret
1299 652 1542 715 quamlibet
1563 652 1707 698 subti-

330 724 473 778 liores,
505 740 735 786 corporeos
772 735 939 777 tamem
977 723 1096 787 quod
1123 740 1210 768 non
1248 722 1366 770 facit.
1399 723 1708 768 Verumtamen

333 794 471 840 aufert
506 811 650 840 secum
687 794 897 858 quosdam
930 794 1189 848 simillimos,
1229 793 1301 839 sed
1337 810 1424 839 non
1451 810 1702 856 corporeos,

325 865 488 928 quibus
506 865 594 910 visa
613 865 830 911 simillima
853 865 991 910 cernit
1015 865 1059 910 in
1085 863 1268 921 somnis,
1297 863 1369 909 sed
1391 880 1468 909 nec
1493 863 1585 927 ipsa
1606 880 1708 909 cor-

330 950 476 998 porea.

394 1004 469 1050 IV.
500 1005 636 1049 Porro
661 1004 694 1050 si
721 1003 872 1067 aliquis
893 1004 1126 1050 contendat
1159 1004 1287 1050 etiam
1307 1004 1397 1050 visa
1418 1003 1705 1061 somniorum,

327 1090 425 1136 quae
439 1074 591 1119 similia
615 1075 875 1137 corporibus
895 1086 1125 1137 apparent,
1152 1092 1237 1119 non
1260 1091 1346 1119 esse
1367 1073 1446 1119 nisi
1470 1090 1703 1137 corporea,

326 1143 498 1189 videtur
529 1145 610 1189 sibi
634 1143 799 1206 aliquid
824 1144 982 1199 dicere,
1011 1162 1089 1190 nec
1111 1147 1188 1190 ista
1208 1144 1367 1204 ingenii
1385 1143 1565 1190 tarditas
1582 1143 1708 1189 facile

327 1214 629 1267 convincitur3
653 1214 886 1260 multorum
920 1215 1088 1278 quippe
1106 1227 1168 1261 est
1193 1216 1321 1260 etiam
1347 1231 1433 1259 nou
1465 1214 1705 1260 mediocri-

329 1295 391 1328 ter
417 1295 646 1330 acutorum
673 1302 683 1329 z
709 1285 917 1348 quoniam
938 1301 1093 1348 parum
1123 1284 1354 1330 attendunt
1371 1295 1585 1348 quantum
1620 1300 1703 1330 va-

327 1354 657 1415 leantimagines
667 1373 922 1418 corporum,
939 1373 1038 1419 quae
1054 1357 1166 1401 fiunt
1183 1355 1226 1401 in
1244 1356 1414 1419 spiritu,
1431 1372 1510 1401 nec
1527 1354 1706 1401 omnino

325 1435 425 1470 sunt
447 1442 647 1488 corpora.
682 1426 791 1470 Cum
818 1443 918 1471 vero
951 1443 1020 1471 eas
1054 1436 1270 1485 coguntur
1313 1425 1492 1478 intueri,
1527 1425 1563 1471 si
1586 1435 1705 1471 recte

326 1494 605 1550 adverterint,
639 1507 766 1559 atque
799 1497 1095 1559 compererint
1118 1513 1205 1541 non
1241 1513 1309 1541 eas
1342 1513 1427 1541 esse
1454 1512 1702 1559 corporeas,

327 1566 396 1612 sed
414 1584 645 1630 corporum
669 1567 924 1623 simillimas,
944 1568 1152 1613 rationem
1173 1579 1317 1613 tamen
1336 1566 1389 1612 de
1403 1567 1471 1612 his
1492 1584 1579 1612 non
1602 1583 1705 1612 con-

327 1637 446 1682 tinuo
489 1637 630 1682 valent
673 1636 867 1692 reddere,
909 1639 1073 1702 quibus
1108 1638 1245 1683 causis
1265 1648 1306 1683 et
1325 1636 1703 1701 quemadmodum

325 1708 449 1763 fiant,
477 1725 562 1771 qua
589 1707 775 1771 denique
789 1719 942 1754 natura
962 1726 1036 1754 sua
1062 1709 1314 1763 subsistant,
1343 1707 1411 1754 vel
1433 1708 1477 1753 in
1493 1725 1581 1772 quo
1600 1707 1703 1753 sub-

319 1780 435 1837 jecto
454 1779 537 1823 sint
565 1796 574 1823 :
602 1789 748 1824 utrum
783 1778 840 1824 ita
866 1779 910 1824 in
930 1779 1073 1824 animo
1114 1779 1218 1823 fiant
1244 1789 1290 1823 ut
1312 1777 1356 1823 in
1380 1778 1632 1823 membrana
1656 1792 1704 1822 ex

321 1858 559 1893 atramento
583 1848 755 1903 litterae,
776 1849 853 1894 ubi
871 1859 1052 1912 utraque
1071 1849 1313 1894 substantia
1336 1858 1415 1904 est,
1447 1847 1705 1893 membrana

325 1917 488 1963 scilicet
506 1929 546 1964 et
565 1929 850 1964 atramentum
875 1937 885 1963 ε
906 1937 959 1964 an
982 1920 1093 1964 sicut
1126 1919 1313 1978 sigillum
1329 1919 1372 1963 in
1401 1936 1495 1964 cera
1513 1955 1524 1974 ,
1551 1918 1618 1963 vel
1645 1918 1703 1963 fi-

326 2005 434 2047 gura
456 1988 662 2051 quaelibet
706 1989 781 2051 qui
803 2005 900 2034 cera
931 1990 1175 2048 subjectum
1201 2000 1278 2045 est,
1301 1989 1375 2034 illa
1399 1989 1443 2033 in
1466 1988 1665 2047 subjecto
1687 2005 1699 2033 ι

323 2070 578 2123 anutroque
604 2059 732 2104 modo
757 2060 864 2105 fiant
892 2060 970 2105 ista
990 2060 1033 2105 in
1074 2061 1230 2123 spiritu
1275 2071 1424 2106 nostro
1469 2059 1704 2123 aliquando

324 2128 402 2183 sic,
425 2128 659 2192 aliquando
691 2139 833 2174 autem
857 2129 932 2175 sic.

391 2198 440 2245 V.
469 2210 643 2244 movent
667 2199 778 2244 enim
803 2217 890 2244 non
915 2199 1052 2244 solum
1088 2216 1134 2245 ea
1165 2216 1265 2263 quae
1287 2199 1448 2245 absunt
1467 2216 1489 2244 a
1508 2199 1702 2245 sensibus

324 2268 537 2331 corporis,
564 2282 606 2313 et.
629 2269 672 2313 in
697 2279 842 2314 nostra
865 2270 1142 2332 reperiuntur
1170 2269 1393 2318 memoria.
1418 2269 1484 2314 vel
1502 2286 1602 2332 quae
1625 2285 1702 2314 nos

324 2337 407 2400 ipsi
432 2348 478 2382 ut
497 2337 672 2383 libitum
695 2350 773 2393 est,
794 2338 1000 2395 facimus,
1039 2339 1332 2402 disponimus,
1371 2354 1600 2398 augemus,
1620 2338 1699 2383 mi·

323 2409 515 2463 nuimus,
536 2409 638 2462 situ,
667 2409 844 2465 habitu,
876 2421 1020 2464 motu,
1048 2409 1446 2456 innumerabilibus
1470 2409 1699 2472 qualitati-

326 2478 442 2523 tibus
465 2478 699 2541 formisque
725 2480 955 2526 variamus
990 2479 1111 2525 'salia
1136 2490 1236 2525 sunt
1259 2479 1448 2525 fortassis
1473 2479 1601 2525 etiam
1626 2479 1700 2525 illa

322 2548 482 2611 quibus
511 2549 760 2595 deludimur
782 2549 1059 2606 dormientes,
1084 2550 1261 2613 quando
1283 2568 1368 2596 non
1398 2549 1606 2595 divinitus
1626 2548 1700 2595 ad-

322 2636 577 2675 monemur;
611 2620 689 2666 nisi
707 2620 827 2685 quod
854 2622 953 2669 haec
986 2621 1177 2669 volentes
1213 2623 1409 2683 agimus,
1434 2620 1507 2668 illa
1542 2629 1700 2684 praeter
