1799 3251
358 234 416 279 26
772 248 806 277 s.
850 246 1093 278 Aneusrlm
1126 246 1330 278 EP1scoP1

355 329 443 358 non
462 312 514 358 ad
531 312 665 359 filium
684 313 873 359 hominis
891 314 933 359 in
954 329 1040 376 quo
1061 329 1205 358 omnes
1224 312 1578 359 vivificabuntur.
1602 311 1721 357 Mor-

358 393 440 428 tem
454 383 777 447 quippeintulit
791 383 924 428 homo
940 383 1022 428 sibi
1034 383 1209 446 filioque
1227 383 1416 428 hominis
1438 401 1448 427 :
1468 383 1604 429 vitam
1619 398 1719 428 vero

357 453 501 499 attulit
528 454 693 499 homini
718 454 903 498 moriens
925 464 965 498 et
1000 470 1218 513 resurgens
1250 453 1364 499 filius
1387 452 1579 498 hominis
1595 488 1606 507 ‚
1633 468 1720 515 op-

356 524 833 587 probrium-hominum
858 535 898 568 et
920 525 1104 583 abjectio
1123 523 1265 587 plebis
1292 540 1427 586 usque
1443 522 1495 567 ad
1516 533 1713 569 mortem.
1760 548 1763 553 s

357 595 452 639 I‘loc
475 595 588 639 enim
606 594 741 640 voluit
760 595 851 657 pati
873 595 917 639 in
939 606 1175 658 conspectu
1198 593 1493 649 inimicorum,
1515 610 1602 656 quo
1619 609 1716 638 eum

358 675 563 727 tanquam
589 664 839 711 derelictum
865 676 1091 728 putarent,
1119 675 1166 710 ut
1185 664 1321 724 gratia
1347 663 1723 713 commendaretur
1750 684 1756 688 ·

361 735 472 779 Novi
491 735 774 791 Testamenti,
801 752 885 797 qua
909 735 1165 780 disceremus
1182 734 1306 779 aliam
1327 750 1521 797 quaerere
1536 732 1723 779 felicita-

358 815 469 859 tem,
501 821 598 867 quae
621 821 738 850 nunc
770 815 828 849 est
853 804 898 849 in
933 804 1039 861 fide,
1072 815 1219 868 postea
1246 820 1346 849 vero
1375 803 1455 849 erit
1477 803 1522 849 in
1560 802 1716 866 specie.

354 896 374 916 <‹
400 874 608 931 Quandiu
631 875 744 920 enim
769 893 915 921 sumus
940 876 984 921 in
1011 892 1193 939 corpore
1211 913 1221 931 ,
1254 875 1311 920 ait
1345 874 1576 937 Apostolus
1595 911 1605 925 .
1641 890 1724 937 pe-

359 967 378 986 »
404 946 673 1005 regrinamur
707 965 728 991 a
767 947 969 992 Domino.
1003 947 1086 992 Per
1122 946 1250 992 fidem
1286 946 1398 991 enim
1429 945 1723 1003 ambulamus,

360 1036 380 1055 ›>
403 1032 489 1060 non
508 1033 584 1078 per
597 1017 796 1079 speciem.
823 1040 842 1058 »
864 1018 919 1062 Et
937 1017 1033 1062 ideo
1056 1035 1173 1063 nunc
1195 1018 1239 1062 in
1254 1033 1352 1080 spe,
1384 1026 1486 1062 tunc
1506 1016 1548 1061 in
1566 1033 1625 1062 re.

420 1087 555 1133 XXV.
587 1087 782 1150 Denique
800 1089 1154 1134 resurrectionem
1170 1105 1288 1134 suam
1309 1124 1319 1142 ‚
1347 1104 1479 1150 quam
1502 1104 1590 1132 non
1614 1086 1726 1132 sicut

356 1165 545 1200 nostram
585 1157 630 1200 in
671 1156 845 1216 longum
881 1157 1041 1203 differri
1085 1158 1336 1221 oportebat,
1378 1167 1424 1202 ut
1462 1157 1506 1202 in
1532 1155 1725 1220 exemplo

357 1226 496 1271 carnis
521 1229 611 1285 ejus
647 1226 931 1284 disceremus,
965 1228 1073 1292 quid
1107 1229 1151 1274 in
1181 1240 1326 1274 nostra
1352 1245 1522 1291 sperare
1550 1228 1725 1274 debere-

357 1312 452 1340 mus
467 1332 477 1351 ,
506 1296 644 1341 noluit
669 1296 815 1342 alienis
837 1297 1130 1344 demonstrare
1147 1336 1158 1354 ,
1191 1299 1263 1344 sed
1287 1299 1372 1344 suis
1395 1316 1405 1343 ε
1431 1297 1577 1343 alienis
1595 1297 1721 1354 dico,

356 1383 442 1411 non
468 1376 621 1411 natura
640 1404 649 1422 ‚
678 1367 750 1413 sed
774 1369 878 1414 vitio
896 1406 906 1423 ‚
929 1368 1049 1432 quod
1067 1386 1234 1432 semper
1252 1380 1313 1414 est
1328 1379 1478 1414 contra
1504 1379 1719 1415 naturam.

356 1439 556 1482 Mortuus
574 1447 634 1482 est
656 1454 755 1498 ergo
783 1439 827 1483 in
848 1451 1084 1503 conspectu
1111 1440 1341 1485 hominum
1359 1477 1369 1495 ‚
1402 1440 1626 1485 resurrexit
1645 1455 1726 1485 au-

357 1518 441 1553 tem
471 1509 514 1553 in
535 1521 771 1572 conspectu
794 1510 982 1556 filiorum
1013 1512 1243 1557 hominum
1268 1529 1278 1557 :
1306 1512 1410 1575 quia
1433 1528 1546 1557 mors
1561 1510 1613 1556 ad
1638 1510 1726 1556 ho-

356 1578 516 1623 minem
538 1580 806 1641 pertinebat,
831 1582 1086 1627 resurrectio
1106 1581 1159 1627 ad
1179 1581 1318 1627 filium
1340 1581 1541 1627 hominis,
1568 1580 1728 1627 «Sicut

360 1670 378 1689 »
399 1649 511 1694 enim
536 1650 580 1694 in
607 1649 745 1695 Adam
768 1667 913 1696 omnes
932 1654 1203 1708 moriuntur,
1225 1652 1285 1697 sic
1303 1663 1344 1697 et
1367 1652 1411 1697 in
1433 1651 1608 1696 (Ihristo
1628 1668 1724 1696 om—

358 1740 377 1759 »
399 1736 472 1764 nes
506 1720 844 1765 vivificabuntur
859 1720 890 1767 1.
923 1742 942 1761 υ
977 1722 1032 1766 L't
1066 1722 1198 1781 igitur
1232 1721 1425 1784 exemplo
1457 1737 1546 1766 suae
1580 1721 1725 1766 carnis

356 1789 651 1834 exhortaretur
669 1789 812 1834 fideles
834 1807 931 1836 suos
957 1792 1237 1854 temporalem
1253 1808 1334 1854 pro
1359 1802 1518 1836 aeterna
1540 1787 1727 1835 felicita·-

358 1870 442 1903 tem
466 1870 759 1915 contemnere,
786 1876 920 1923 usque
939 1861 993 1906 ad
1016 1873 1200 1906 mortem
1220 1860 1401 1924 pertulit
1424 1870 1726 1923 persequentes

361 1940 487 1992 atque
509 1929 750 1985 saevientes,
780 1942 821 1975 et
844 1932 968 1993 quasi
985 1932 1099 1977 victo
1118 1943 1158 1977 et
1179 1949 1385 1995 oppresso
1408 1931 1594 1994 superbe
1619 1930 1726 1977 illu-

357 2000 516 2047 dentes.
546 2001 676 2057 Quod
703 2012 844 2046 autem
871 2019 1042 2048 carnem
1064 2020 1183 2049 suam
1206 2002 1501 2058 resuscitavit,
1519 2012 1560 2047 et
1578 2001 1726 2047 Disci-

354 2071 559 2135 pulorum
606 2073 910 2135 conspectibus
945 2084 984 2119 et
1018 2075 1293 2120 contactibus
1330 2072 1542 2129 reddidit,
1582 2072 1728 2136 eisque

357 2141 604 2188 videntibus
632 2143 823 2188 ascendit
845 2143 889 2188 in
911 2144 1072 2189 coelum
1093 2183 1102 2191 .
1125 2145 1239 2208 ipsos
1263 2144 1497 2191 aedificavit
1516 2180 1526 2198 ‚
1554 2153 1595 2189 et
1618 2141 1727 2206 quid

356 2223 577 2275 expectare
596 2249 605 2266 ,
624 2212 730 2274 quid
756 2213 994 2276 praedicare
1012 2215 1219 2261 deberent
1239 2253 1248 2271 ,
1269 2214 1585 2261 evidentissima
1609 2212 1726 2260 veri-

356 2292 441 2327 tate
464 2281 786 2329 demonstravit.
812 2284 913 2329 Illos
928 2295 1069 2330 autem
1090 2303 1111 2329 a
1134 2286 1295 2347 quibus
1318 2295 1438 2330 tanta
1456 2284 1568 2330 mala
1590 2299 1726 2347 usque

357 2351 411 2396 ad
437 2362 614 2396 mortem
640 2353 900 2414 pertulerat,
927 2355 1046 2416 quasi
1073 2354 1125 2399 (le
1150 2355 1225 2400 illo
1254 2365 1456 2418 superato
1476 2365 1517 2400 et
1537 2353 1724 2399 extincto

353 2421 579 2481 gloriantes
598 2458 608 2477 ,
633 2422 676 2467 in
699 2440 742 2468 ea
777 2424 982 2487 opinione
1003 2425 1262 2488 dereliquit3
1290 2436 1336 2471 ut
1353 2425 1550 2488 quisquis
1576 2440 1723 2470 eorum

356 2491 489 2537 salute
506 2502 665 2537 aeterna
688 2493 829 2540 salvus
847 2495 938 2541 fieri
956 2495 1081 2542 vellet
1101 2533 1111 2552 ,
1143 2497 1230 2542 hoc
1255 2496 1308 2543 de
1334 2496 1448 2542 illius
1467 2495 1626 2542 mortui
1651 2511 1723 2540 re·-

401 2573 412 2595 ¹
433 2585 444 2604 1
467 2575 542 2607 Cor.
561 2585 611 2613 xv,
629 2585 682 2606 22.
