1799 3251
380 272 463 319 156
790 289 824 318 S.
866 287 1108 320 Ancum-1³1
1145 287 1348 317 EPISCOPI

371 354 635 410 crederetur,
672 353 792 399 illam
817 354 1043 417 epistolam
1073 352 1225 416 scripsi
1255 369 1264 396 :
1292 352 1338 397 in
1374 369 1458 415 qua
1485 351 1590 398 dum
1613 369 1745 399 essem

369 424 412 470 in
445 423 718 470 admonendo
744 423 968 478 sollicitus,
998 440 1128 487 quam
1150 422 1402 468 nominibus
1434 424 1574 469 tacitis
1612 440 1742 469 cons-

370 495 518 557 cripsi,
550 494 594 539 in
619 493 896 558 corripiendo
920 495 1079 539 nimius
1105 503 1235 556 atque
1262 493 1539 555 improvidus
1564 493 1643 550 fui,
1666 510 1745 539 nec

368 563 601 609 fraternam
619 575 661 608 et
684 564 972 627 episcopalem
990 580 1216 627 personam
1243 562 1354 607 sicut
1372 562 1502 607 frater
1525 573 1566 608 et
1582 563 1745 626 episco-

370 651 467 696 pus,
497 634 866 697 quemadmodum
900 635 1039 680 fuerat
1073 634 1253 694 dignum
1279 632 1606 692 cogitavi2hoc
1654 651 1745 679 non

372 704 555 750 ‹lvfcntlo
572 743 581 755 ,
609 705 680 750 sed
700 706 971 769 reprehendo
986 727 997 760 ;
1015 706 1099 751 hoc
1113 722 1198 750 non
1217 721 1383 758 excuso,
1400 704 1471 749 sed
1490 721 1659 751 accuse.
1678 706 1747 765 lg-

369 786 571 819 noscatur
591 786 704 837 peto,
728 774 977 821 recordetur
999 784 1188 818 nostram
1212 773 1485 819 dilectionem
1504 774 1744 837 pristinam,

366 858 405 888 vt
423 844 704 889 obliviscatur
719 845 991 889 offensionem
1012 860 1183 889 novam.
1209 845 1355 888 Faciat
1376 854 1490 889 certe
1527 844 1645 907 quod
1678 862 1745 890 me

366 931 452 959 non
471 914 617 960 secisse
635 915 880 960 succensuit
904 933 913 959 :
942 914 1102 958 habeat
1119 913 1340 958 lenitatem
1366 915 1410 958 in
1429 913 1573 959 danda
1600 916 1740 963 venia.

366 1000 495 1046 quam
521 1002 597 1043 cgo
623 1002 708 1028 non
746 984 882 1029 habui
912 985 955 1029 in
975 984 1044 1029 illa
1071 983 1255 1046 epistola
1286 984 1614 1030 conscribenda.
1647 985 1744 1029 Hoc

372 1065 579 1116 portuum
605 1054 861 1099 charitatem
884 1072 1003 1113 rogo,
1030 1054 1148 1117 quod
1172 1071 1361 1116 praesens
1387 1065 1642 1116 praescntem
1670 1072 1744 1099 ro-

371 1141 466 1182 gare
485 1124 724 1179 volueram,
749 1125 781 1168 si
806 1129 894 1184 ejus·
908 1125 1115 1170 haberem
1131 1125 1320 1187 copiam.
1345 1125 1474 1180 Quod
1492 1141 1592 1170 cum
1616 1142 1745 1170 cona·

368 1204 430 1237 tus
454 1210 603 1247 essem,
622 1194 838 1240 scribente
856 1195 909 1240 ad
928 1211 1027 1239 eum
1049 1194 1141 1239 viro
1156 1194 1406 1250 venerabili,
1424 1195 1636 1257 nobisque
1651 1211 1743 1240 om-

367 1264 494 1309 nibus
516 1263 678 1309 honore
701 1265 989 1328 praeferendo,
1020 1265 1162 1310 venire
1199 1264 1356 1320 noluit,
1390 1264 1541 1310 dolum
1565 1265 1743 1311 forsitan

369 1333 409 1376 in
433 1350 550 1388 cum,
578 1333 690 1379 sicut
721 1335 928 1398 pleraque
947 1335 1141 1380 humana
1164 1344 1278 1386 sunt,
1301 1345 1516 1398 quantum
1553 1335 1743 1381 existimo

366 1403 607 1465 suspicatus
628 1423 638 1456 3
660 1421 682 1448 a
700 1421 787 1468 quo
810 1405 1013 1465 melonge
1037 1406 1195 1458 abesse‚
1226 1405 1346 1450 tuilli
1364 1404 1433 1450 fac
1455 1405 1583 1451 fidem
1607 1423 1742 1469 quan·

367 1484 456 1518 tum
471 1484 606 1536 poteS,
621 1475 696 1537 qui
708 1492 896 1538 praesens
913 1475 1082 1521 facilius
1100 1487 1233 1538 potes.
1252 1475 1403 1521 Indica
1418 1475 1452 1521 ei
1465 1493 1564 1521 cum
1580 1488 1743 1539 quanto

369 1554 409 1587 et
427 1560 558 1606 quam
590 1561 688 1589 vero
718 1544 866 1590 dolore
886 1545 939 1591 de
957 1547 1188 1592 offensione
1213 1546 1344 1591 animi
1360 1549 1451 1605 ejus
1475 1557 1620 1592 tecum
1644 1547 1743 1593 fue-

368 1614 447 1658 rim
489 1614 747 1663 collocutus.
789 1618 967 1662 Noverit
999 1634 1130 1681 quam
1179 1634 1266 1662 non
1303 1634 1400 1662 eum
1442 1628 1737 1674 contemnam,

365 1695 405 1728 et
422 1696 634 1747 quantum
659 1685 793 1732 inillo
813 1688 952 1733 Deum
982 1688 1173 1741 timeam,
1200 1697 1240 1733 et
1265 1687 1448 1747 cogitem
1474 1688 1621 1751 Caput
1646 1705 1742 1734 nos-

368 1764 482 1800 trum
506 1755 548 1799 in
589 1759 714 1815 cujus
745 1774 928 1820 corpore
951 1758 1101 1804 fratres
1126 1775 1288 1803 sumus.
1320 1758 1387 1802 Ad
1410 1758 1554 1803 locum
1579 1759 1622 1803 in
1653 1775 1741 1822 quo

368 1824 566 1877 liabitat3
593 1825 688 1871 ideo
714 1828 987 1890 miliiputavi
1022 1846 1108 1873 non
1129 1846 1214 1873 esse
1237 1828 1515 1883 veniendum,
1543 1846 1595 1874 ne
1612 1846 1742 1891 spec-

368 1894 555 1940 taculum
590 1894 827 1942 facerenms
856 1897 1083 1944 ridendum
1114 1898 1276 1944 alienis.
1300 1898 1454 1943 nostris
1480 1897 1736 1954 dolendum,

367 1965 491 2010 nobis
512 1964 801 2027 pudendum:
834 1985 910 2030 per
944 1979 1058 2013 tuam
1095 1968 1367 2013 sanctitatem
1401 1978 1442 2012 ct
1480 1968 1740 2014 charitatem

368 2046 503 2080 totum
528 2047 636 2081 recte
657 2037 723 2095 agi
742 2049 895 2099 potest.
937 2040 1002 2084 Ab
1034 2038 1104 2083 illo
1129 2038 1293 2101 quippe
1314 2038 1472 2097 agitur.
1499 2038 1573 2101 qui
1594 2056 1670 2102 per
1685 2040 1741 2084 fi-

366 2107 460 2151 dem
504 2123 623 2151 snam
664 2106 836 2153 habitat
874 2110 915 2154 in
956 2108 1087 2153 coi-«le
1117 2119 1188 2153 tuo
1210 2125 1337 2171 quem
1362 2108 1492 2154 credo
1510 2108 1629 2171 quod
1651 2126 1739 2154 nou

368 2187 529 2239 spernit
551 2194 593 2221 in
611 2188 647 2221 tc
667 2214 676 2224 .
707 2195 804 2222 cuin
831 2189 1022 2237 agnoseit
1048 2196 1165 2224 msc.

435 2247 483 2291 V.
525 2248 612 2305 ligo
636 2258 748 2292 certe
772 2248 814 2292 in
850 2249 931 2293 linc
958 2265 1081 2293 causa
1119 2248 1223 2310 quid
1253 2248 1401 2293 int-lius
1436 2248 1620 2294 tacerem
1646 2265 1733 2294 non

367 2317 525 2371 inx‘cni.
551 2333 683 2379 quam
711 2328 756 2363 ut
788 2319 952 2363 veniam
979 2330 1166 2381 peterem
1197 2337 1217 2363 a
1246 2317 1377 2363 fratrc
1395 2356 1405 2372 ‚
1425 2319 1502 2382 qui
1521 2318 1670 2364 laesum
1697 2336 1738 2365 se

366 2388 601 2433 litterarum
636 2405 828 2434 mearum
865 2390 1093 2452 asperitate
1125 2399 1385 2452 conquestus
1408 2400 1483 2434 cst.
1524 2389 1668 2435 Faciet
1696 2400 1738 2434 et

367 2457 483 2521 ipsc..
510 2470 557 2502 nt
580 2475 704 2520 spero
721 2495 731 2513 3
757 2458 876 2522 quod
895 2459 977 2506 sibi
999 2460 1202 2522 imperari
1234 2459 1353 2518 novit
1378 2459 1432 2504 ab
1456 2475 1526 2515 eo,
1557 2459 1632 2522 qui
1659 2476 1737 2522 pet·

371 2533 395 2576 ,l
410 2528 622 2591 postolum
638 2528 889 2593 loquens-ait
914 2548 923 2574 ε
948 2553 965 2571 s‹
990 2531 1206 2577 Donantes
1224 2529 1543 2592 vobismetipsis
1559 2565 1568 2583 2
1588 2529 1621 2575 si
1639 2531 1736 2593 quis

368 2626 373 2643 J
411 2599 614 2648 advorsus
650 2600 835 2664 alique-m
875 2601 1006 2648 habet
1045 2601 1294 2665 querelam.
1332 2602 1444 2648 sicut
1479 2610 1518 2646 ct
1548 2605 1663 2648 Deus
1691 2601 1733 2648 in
