1799 3251
528 285 741 318 nrlsroLA
777 285 956 317 cxxxix.
1405 271 1433 318 5

64 355 345 403 monitorium
369 353 526 401 direxi:
552 351 674 416 quod
706 351 766 397 sie
789 351 906 397 habe
936 363 1142 416 tanquam
1160 356 1434 416 praesentiam

65 441 218 474 meam.
249 423 305 472 Et
325 424 447 490 quod
466 423 590 471 vobis
609 423 655 468 in
679 439 908 468 commune
931 440 1011 486 pro
1037 423 1239 470 Ecclesiae
1252 425 1436 472 utilitate

65 495 295 562 placuerit,
312 496 400 541 hoc
415 493 646 553 adjuvante
665 491 853 537 Domino
874 492 966 548 fiat,
990 494 1066 556 qui
1089 504 1241 556 potens
1263 506 1324 540 est
1348 497 1435 541 mi-

72 564 345 614 sericorditer
373 564 580 628 opitulari
614 563 659 608 in
698 563 826 608 tantis
853 563 988 609 malis.
1022 563 1153 609 Modo
1192 566 1440 612 Macrobius

70 637 299 701 episcopus
325 652 494 690 eorum,
533 634 716 696 stipatus
740 633 887 678 cuneis
909 633 1178 695 perditorum
1218 637 1441 700 utriusque

67 724 201 762 sexus,
230 707 316 752 hac
338 716 466 768 atque
482 704 581 750 illac
601 704 821 758 circumit,
848 704 1102 768 aperuitque
1118 705 1199 750 sibi
1220 706 1437 763 basilicas,

68 793 173 840 quas
186 791 472 840 possessorum
487 773 914 837 quantuluscumque
933 774 1063 820 timor
1082 774 1306 824 clauserat.
1325 778 1444 824 Prae-

69 857 184 893 sente
205 857 347 891 autem
377 854 658 908 procuratore
685 844 766 890 viri
785 844 1010 889 clarissimi
1035 845 1189 891 Celeris
1218 847 1440 910 Spondeo,

67 933 196 981 quem
211 925 299 961 tuae
315 914 539 960 dilectioni
561 913 859 959 commendavi
876 914 1149 978 multumque
1164 919 1440 976 commendo,

67 998 306 1050 utcumque
317 1002 466 1031 eorum
477 985 763 1045 frangebatur
781 984 963 1030 audacia
982 1003 991 1030 :
1014 1003 1132 1031 nunc
1153 1003 1255 1032 Vero
1270 1000 1442 1052 postea-

68 1074 200 1121 quam
228 1055 535 1114 Carthaginem
554 1054 776 1118 profectus
802 1065 879 1110 est,
910 1055 1037 1100 etiam
1072 1056 1116 1100 in
1139 1056 1286 1102 fundis
1311 1059 1448 1121 ipsius

69 1123 271 1173 basilicas
296 1125 484 1188 aperuit,
504 1124 694 1188 populos
712 1136 959 1184 congregat.
986 1128 1099 1170 Cum
1118 1126 1213 1189 ipso
1235 1128 1363 1173 etiam
1385 1141 1448 1175 est

70 1197 142 1243 ille
173 1198 364 1241 Donatus
388 1195 596 1240 diaconus
623 1195 918 1257 rebaptizatus
937 1233 946 1251 ‚
977 1213 1076 1241 cum
1103 1196 1234 1242 fuerit
1269 1199 1447 1246 colonus

73 1265 296 1322 Ecclesiae,
326 1265 402 1329 qui
428 1275 618 1310 versatus
654 1266 782 1310 estin
808 1264 878 1310 illa
905 1265 1025 1310 caede
1061 1267 1329 1329 praecipuus.
1361 1270 1450 1326 Qui

75 1336 176 1382 tales
199 1353 286 1381 nou
325 1351 426 1380 cum
452 1351 501 1380 eo
525 1345 642 1390 sunt,
669 1334 845 1398 quando
868 1345 909 1379 et
935 1334 1006 1379 ille
1034 1351 1134 1380 cum
1160 1336 1254 1399 ipso
1295 1342 1381 1384 est?
1405 1339 1450 1384 Si

75 1403 315 1452 Proconsul
340 1404 407 1450 vel
432 1403 558 1449 simul
576 1403 705 1449 ambo
730 1404 775 1448 in
798 1404 895 1449 illos
919 1405 1016 1448 estis
1040 1407 1292 1452 sententiam
1308 1409 1451 1471 prola-

75 1476 180 1532 turi,
204 1486 246 1521 et
277 1474 388 1520 forte
426 1474 497 1520 ille
530 1475 718 1537 persistit
739 1474 846 1519 vesse
872 1473 1016 1533 gladio
1039 1474 1276 1533 vindicare,
1307 1496 1451 1541 quan-

76 1559 207 1611 quam
231 1545 284 1590 sit
308 1544 599 1599 Christianus,
640 1554 680 1589 et
702 1554 916 1607 quantum
955 1543 1174 1591 advertere
1200 1549 1450 1609 potuimuS,

77 1630 165 1663 non
183 1616 238 1662 sit
256 1615 310 1661 ad
334 1615 431 1660 haec
462 1615 755 1660 cruciamenta
791 1614 1016 1678 proclivis,
1052 1626 1195 1662 tamen
1225 1618 1257 1663 si
1292 1637 1459 1666 necesse

78 1686 208 1733 suerit
224 1686 352 1731 etiam
377 1685 684 1745 Gestisjubete
699 1685 868 1745 allegari
890 1685 1093 1747 epistolas
1117 1703 1248 1743 meas,
1275 1707 1383 1752 quas
1405 1692 1459 1738 de

79 1758 166 1803 hac
181 1774 226 1802 re
239 1755 425 1815 singulas
445 1756 568 1801 vobis
583 1754 815 1800 mittendas
837 1755 1004 1818 putavi.
1031 1756 1157 1802 Soleo
1176 1752 1290 1803 enini
1309 1761 1460 1808 audire

80 1827 125 1872 in
141 1836 351 1890 potestate
369 1842 452 1870 esse
470 1825 632 1885 J‘udicis
656 1824 824 1869 mollire
843 1826 1116 1880 sententiam,
1144 1837 1186 1871 et
1208 1829 1356 1875 mitius
1369 1832 1461 1877 vin-

83 1897 227 1942 dicare
248 1913 377 1959 quam
405 1895 589 1954 jubeant
615 1894 738 1954 leges.
772 1894 817 1939 Si
840 1905 981 1940 autem
1006 1912 1085 1941 nec
1102 1895 1253 1943 litteris
1272 1900 1376 1945 meis
1403 1902 1459 1948 ad

81 1966 170 2013 hoc
196 1967 483 2021 consenserit,
507 1965 594 2010 hoc
617 1964 763 2009 saltem
786 1975 961 2028 praestet
986 1976 1034 2010 ut
1058 1965 1102 2011 in
1123 1967 1365 2015 custodiam
1391 1988 1458 2017 re-

84 2037 323 2101 cipiantur,
366 2046 493 2098 atque
519 2035 607 2080 hoc
634 2034 687 2080 de
714 2034 941 2080 clementia
976 2037 1294 2099 Imperatorum
1319 2040 1462 2104 impe-

85 2118 197 2153 trare
213 2106 482 2162 curabimus,
501 2123 553 2151 ne
569 2106 786 2169 passiones
802 2123 1023 2152 servorum
1048 2108 1147 2163 Dei,
1176 2125 1277 2171 quae
1301 2110 1462 2160 debent

85 2192 172 2223 esse
193 2178 238 2222 in
258 2176 449 2222 Ecclesia
474 2177 690 2236 gloriosae,
713 2176 990 2222 inimicorum
1015 2178 1221 2236 sanguine
1245 2178 1463 2230 dehones-

89 2259 245 2294 tentur,
277 2247 376 2293 Scio
400 2248 513 2293 enim
543 2249 588 2293 in
603 2264 730 2292 causa
750 2247 1009 2293 clericorum
1031 2250 1356 2297 Anaunensium
1383 2255 1466 2318 (ι),

87 2319 162 2383 qui
181 2317 312 2363 occisi
325 2334 347 2361 a
367 2317 599 2377 gentilibus
612 2334 730 2363 nunc
748 2335 787 2362 m
796 2329 885 2380 artur
894 2337 955 2363 res
970 2319 1257 2378 honorantur,
1272 2322 1335 2367 lm
1344 2341 1463 2387 pera-

88 2400 229 2434 torem
242 2398 438 2447 rogatum
458 2387 583 2433 facile
601 2388 873 2445 concessisse,
897 2407 948 2434 ne
961 2389 1020 2434 illi
1039 2390 1111 2453 qui
1131 2408 1200 2436 eos
1214 2393 1467 2443 occiderant

90 2467 132 2505 et
154 2457 272 2521 capti
288 2461 377 2517 jam
406 2459 684 2515 tenebantur,
715 2476 848 2522 poena
868 2460 995 2506 simili
1016 2462 1291 2524 punirentur.

110 2576 113 2578 ,
157 2525 240 2574 ΙΙΙ.
270 2528 426 2574 Libros
451 2528 503 2574 de
522 2529 741 2593 baptismo
765 2531 1068 2594 parvulorum,
1113 2549 1213 2578 cum
1229 2536 1320 2593 jam
1341 2537 1467 2584 codi-

93 2598 233 2645 dicem
248 2597 390 2661 ipsum
415 2600 682 2662 praestautiae
706 2611 793 2646 tuac
814 2601 1036 2658 misissem,
1064 2619 1142 2648 cur
1161 2603 1237 2648 abs
1263 2613 1301 2649 te
1324 2623 1470 2656 rursus
