<?xml version="1.0" encoding="UTF-8"?>
<!DOCTYPE html PUBLIC "-//W3C//DTD XHTML 1.0 Transitional//EN"
    "http://www.w3.org/TR/xhtml1/DTD/xhtml1-transitional.dtd">
<html xmlns="http://www.w3.org/1999/xhtml" xml:lang="en" lang="en">
 <head>
  <title>
</title>
<meta http-equiv="Content-Type" content="text/html;charset=utf-8" />
  <meta name='ocr-system' content='tesseract 3.04.00' />
  <meta name='ocr-capabilities' content='ocr_page ocr_carea ocr_par ocr_line ocrx_word'/>
</head>
<body>
  <div class='ocr_page' id='page_1' title='image "./operaomniaaccura40auguuoft/operaomniaaccura40auguuoft_0529.png"; bbox 0 0 1799 3251; ppageno 0'>
   <div class='ocr_carea' id='block_1_1' title="bbox 110 261 1536 2581">
    <p class='ocr_par' dir='ltr' id='par_1_1' title="bbox 564 261 1484 323">
     <span class='ocr_line' id='line_1_1' title="bbox 564 261 1484 323; baseline -0.007 -11"><span class='ocrx_word' id='word_1_1' title='bbox 564 281 777 312; x_wconf 53' lang='lat' dir='ltr'>mussona</span> <span class='ocrx_word' id='word_1_2' title='bbox 814 281 1038 310; x_wconf 66' lang='lat' dir='ltr'>cmxxvii.</span> <span class='ocrx_word' id='word_1_3' title='bbox 1394 261 1484 323; x_wconf 87' lang='lat'>5¹7</span> 
     </span>
    </p>

    <p class='ocr_par' dir='ltr' id='par_1_2' title="bbox 110 342 1514 1671">
     <span class='ocr_line' id='line_1_2' title="bbox 174 342 1488 408; baseline -0.005 -15"><span class='ocrx_word' id='word_1_4' title='bbox 174 348 268 396; x_wconf 75' lang='lat' dir='ltr'>XV.</span> <span class='ocrx_word' id='word_1_5' title='bbox 320 349 384 393; x_wconf 89' lang='lat' dir='ltr'>Ita</span> <span class='ocrx_word' id='word_1_6' title='bbox 411 349 571 403; x_wconf 84' lang='lat' dir='ltr'>Pater,</span> <span class='ocrx_word' id='word_1_7' title='bbox 601 347 659 392; x_wconf 85' lang='lat' dir='ltr'>ita</span> <span class='ocrx_word' id='word_1_8' title='bbox 696 345 850 401; x_wconf 82' lang='lat' dir='ltr'>Filius,</span> <span class='ocrx_word' id='word_1_9' title='bbox 878 347 934 390; x_wconf 89' lang='lat' dir='ltr'>ita</span> <span class='ocrx_word' id='word_1_10' title='bbox 974 345 1162 408; x_wconf 85' lang='lat' dir='ltr'>Spiritus</span> <span class='ocrx_word' id='word_1_11' title='bbox 1185 353 1357 388; x_wconf 82' lang='lat' dir='ltr'>sanctus</span> <span class='ocrx_word' id='word_1_12' title='bbox 1379 379 1390 395; x_wconf 85' lang='lat'>,</span> <span class='ocrx_word' id='word_1_13' title='bbox 1428 342 1488 387; x_wconf 89' lang='lat' dir='ltr'>ita</span> 
     </span>
     <span class='ocr_line' id='line_1_3' title="bbox 110 414 1488 478; baseline -0.006 -14"><span class='ocrx_word' id='word_1_14' title='bbox 110 419 298 464; x_wconf 82' lang='lat' dir='ltr'>Trinitas</span> <span class='ocrx_word' id='word_1_15' title='bbox 313 434 429 462; x_wconf 87' lang='lat' dir='ltr'>unus</span> <span class='ocrx_word' id='word_1_16' title='bbox 455 418 583 463; x_wconf 90' lang='lat' dir='ltr'>Deus.</span> <span class='ocrx_word' id='word_1_17' title='bbox 610 418 760 478; x_wconf 85' lang='lat' dir='ltr'>Neque</span> <span class='ocrx_word' id='word_1_18' title='bbox 780 417 892 461; x_wconf 88' lang='lat' dir='ltr'>enim</span> <span class='ocrx_word' id='word_1_19' title='bbox 917 415 1128 460; x_wconf 89' lang='lat' dir='ltr'>mundum</span> <span class='ocrx_word' id='word_1_20' title='bbox 1150 414 1262 459; x_wconf 86' lang='lat' dir='ltr'>inter</span> <span class='ocrx_word' id='word_1_21' title='bbox 1283 414 1382 458; x_wconf 89' lang='lat' dir='ltr'>sein</span> <span class='ocrx_word' id='word_1_22' title='bbox 1405 423 1488 456; x_wconf 84' lang='lat' dir='ltr'>tres</span> 
     </span>
     <span class='ocr_line' id='line_1_4' title="bbox 110 482 1490 553; baseline -0.005 -19"><span class='ocrx_word' id='word_1_23' title='bbox 110 500 254 553; x_wconf 85' lang='lat' dir='ltr'>partes</span> <span class='ocrx_word' id='word_1_24' title='bbox 279 488 543 541; x_wconf 83' lang='lat' dir='ltr'>diviserunt,</span> <span class='ocrx_word' id='word_1_25' title='bbox 569 504 676 550; x_wconf 87' lang='lat' dir='ltr'>quas</span> <span class='ocrx_word' id='word_1_26' title='bbox 696 487 884 546; x_wconf 84' lang='lat' dir='ltr'>singulas</span> <span class='ocrx_word' id='word_1_27' title='bbox 904 486 1060 546; x_wconf 83' lang='lat' dir='ltr'>singuli</span> <span class='ocrx_word' id='word_1_28' title='bbox 1080 485 1338 547; x_wconf 89' lang='lat' dir='ltr'>implerent,</span> <span class='ocrx_word' id='word_1_29' title='bbox 1367 482 1490 545; x_wconf 83' lang='lat' dir='ltr'>quasi</span> 
     </span>
     <span class='ocr_line' id='line_1_5' title="bbox 113 551 1491 618; baseline -0.005 -16"><span class='ocrx_word' id='word_1_30' title='bbox 113 575 199 603; x_wconf 90' lang='lat' dir='ltr'>non</span> <span class='ocrx_word' id='word_1_31' title='bbox 214 557 394 602; x_wconf 86' lang='lat' dir='ltr'>haberet</span> <span class='ocrx_word' id='word_1_32' title='bbox 410 558 486 602; x_wconf 86' lang='lat' dir='ltr'>nbi</span> <span class='ocrx_word' id='word_1_33' title='bbox 499 568 603 602; x_wconf 87' lang='lat' dir='ltr'>esset</span> <span class='ocrx_word' id='word_1_34' title='bbox 617 556 750 601; x_wconf 90' lang='lat' dir='ltr'>Filius</span> <span class='ocrx_word' id='word_1_35' title='bbox 769 567 842 601; x_wconf 83' lang='lat' dir='ltr'>aut</span> <span class='ocrx_word' id='word_1_36' title='bbox 858 555 1044 618; x_wconf 80' lang='lat' dir='ltr'>Spiritus</span> <span class='ocrx_word' id='word_1_37' title='bbox 1057 554 1285 600; x_wconf 85' lang='lat' dir='ltr'>sanctusin</span> <span class='ocrx_word' id='word_1_38' title='bbox 1302 551 1468 597; x_wconf 86' lang='lat' dir='ltr'>mundo</span> <span class='ocrx_word' id='word_1_39' title='bbox 1481 586 1491 606; x_wconf 95' lang='lat'>,</span> 
     </span>
     <span class='ocr_line' id='line_1_6' title="bbox 113 623 1490 690; baseline -0.005 -17"><span class='ocrx_word' id='word_1_40' title='bbox 113 629 147 674; x_wconf 90' lang='lat' dir='ltr'>si</span> <span class='ocrx_word' id='word_1_41' title='bbox 168 638 308 673; x_wconf 91' lang='lat' dir='ltr'>totum</span> <span class='ocrx_word' id='word_1_42' title='bbox 341 637 598 690; x_wconf 83' lang='lat' dir='ltr'>occupasset</span> <span class='ocrx_word' id='word_1_43' title='bbox 622 628 765 671; x_wconf 88' lang='lat' dir='ltr'>Pater.</span> <span class='ocrx_word' id='word_1_44' title='bbox 793 630 891 671; x_wconf 84' lang='lat' dir='ltr'>Non</span> <span class='ocrx_word' id='word_1_45' title='bbox 912 626 969 671; x_wconf 87' lang='lat' dir='ltr'>ita</span> <span class='ocrx_word' id='word_1_46' title='bbox 999 643 1040 670; x_wconf 89' lang='lat' dir='ltr'>se</span> <span class='ocrx_word' id='word_1_47' title='bbox 1064 625 1199 669; x_wconf 84' lang='lat' dir='ltr'>habet</span> <span class='ocrx_word' id='word_1_48' title='bbox 1220 640 1318 668; x_wconf 82' lang='lat' dir='ltr'>vera</span> <span class='ocrx_word' id='word_1_49' title='bbox 1339 623 1490 667; x_wconf 90' lang='lat' dir='ltr'>incor-</span> 
     </span>
     <span class='ocr_line' id='line_1_7' title="bbox 119 694 1495 761; baseline -0.006 -18"><span class='ocrx_word' id='word_1_50' title='bbox 119 715 252 761; x_wconf 88' lang='lat' dir='ltr'>porea</span> <span class='ocrx_word' id='word_1_51' title='bbox 276 697 650 759; x_wconf 80' lang='lat' dir='ltr'>immutabilisque</span> <span class='ocrx_word' id='word_1_52' title='bbox 676 695 895 741; x_wconf 83' lang='lat' dir='ltr'>divinitas.</span> <span class='ocrx_word' id='word_1_53' title='bbox 930 696 1028 740; x_wconf 87' lang='lat' dir='ltr'>Non</span> <span class='ocrx_word' id='word_1_54' title='bbox 1051 694 1165 738; x_wconf 86' lang='lat' dir='ltr'>enim</span> <span class='ocrx_word' id='word_1_55' title='bbox 1189 709 1372 755; x_wconf 87' lang='lat' dir='ltr'>corpora</span> <span class='ocrx_word' id='word_1_56' title='bbox 1394 700 1495 752; x_wconf 84' lang='lat' dir='ltr'>sunt</span> 
     </span>
     <span class='ocr_line' id='line_1_8' title="bbox 120 760 1494 831; baseline -0.007 -18"><span class='ocrx_word' id='word_1_57' title='bbox 120 784 307 831; x_wconf 90' lang='lat' dir='ltr'>quorum</span> <span class='ocrx_word' id='word_1_58' title='bbox 327 767 514 830; x_wconf 88' lang='lat' dir='ltr'>amplior</span> <span class='ocrx_word' id='word_1_59' title='bbox 524 767 576 812; x_wconf 89' lang='lat' dir='ltr'>sit</span> <span class='ocrx_word' id='word_1_60' title='bbox 596 767 639 812; x_wconf 91' lang='lat' dir='ltr'>in</span> <span class='ocrx_word' id='word_1_61' title='bbox 653 767 795 812; x_wconf 87' lang='lat' dir='ltr'>tribus</span> <span class='ocrx_word' id='word_1_62' title='bbox 815 782 946 828; x_wconf 91' lang='lat' dir='ltr'>quam</span> <span class='ocrx_word' id='word_1_63' title='bbox 962 764 1008 809; x_wconf 90' lang='lat' dir='ltr'>in</span> <span class='ocrx_word' id='word_1_64' title='bbox 1026 763 1203 822; x_wconf 81' lang='lat' dir='ltr'>singulis</span> <span class='ocrx_word' id='word_1_65' title='bbox 1218 760 1494 821; x_wconf 81' lang='lat' dir='ltr'>magnitud03</span> 
     </span>
     <span class='ocr_line' id='line_1_9' title="bbox 123 830 1497 896; baseline -0.007 -12"><span class='ocrx_word' id='word_1_66' title='bbox 123 856 202 884; x_wconf 88' lang='lat' dir='ltr'>nec</span> <span class='ocrx_word' id='word_1_67' title='bbox 220 838 316 884; x_wconf 88' lang='lat' dir='ltr'>loca</span> <span class='ocrx_word' id='word_1_68' title='bbox 331 838 416 883; x_wconf 91' lang='lat' dir='ltr'>suis</span> <span class='ocrx_word' id='word_1_69' title='bbox 443 837 631 883; x_wconf 90' lang='lat' dir='ltr'>molibus</span> <span class='ocrx_word' id='word_1_70' title='bbox 657 847 824 892; x_wconf 84' lang='lat' dir='ltr'>tenent,</span> <span class='ocrx_word' id='word_1_71' title='bbox 849 846 896 881; x_wconf 93' lang='lat' dir='ltr'>ut</span> <span class='ocrx_word' id='word_1_72' title='bbox 920 834 1183 880; x_wconf 86' lang='lat' dir='ltr'>distantibus</span> <span class='ocrx_word' id='word_1_73' title='bbox 1203 832 1352 896; x_wconf 80' lang='lat' dir='ltr'>spatiis</span> <span class='ocrx_word' id='word_1_74' title='bbox 1368 830 1497 876; x_wconf 89' lang='lat' dir='ltr'>simul</span> 
     </span>
     <span class='ocr_line' id='line_1_10' title="bbox 120 902 1495 971; baseline -0.007 -17"><span class='ocrx_word' id='word_1_75' title='bbox 120 925 207 954; x_wconf 88' lang='lat' dir='ltr'>esse</span> <span class='ocrx_word' id='word_1_76' title='bbox 240 925 329 954; x_wconf 90' lang='lat' dir='ltr'>non</span> <span class='ocrx_word' id='word_1_77' title='bbox 355 909 536 971; x_wconf 82' lang='lat' dir='ltr'>possint.</span> <span class='ocrx_word' id='word_1_78' title='bbox 573 909 617 953; x_wconf 90' lang='lat' dir='ltr'>Si</span> <span class='ocrx_word' id='word_1_79' title='bbox 640 908 754 954; x_wconf 89' lang='lat' dir='ltr'>enim</span> <span class='ocrx_word' id='word_1_80' title='bbox 792 907 933 952; x_wconf 89' lang='lat' dir='ltr'>anima</span> <span class='ocrx_word' id='word_1_81' title='bbox 953 907 998 951; x_wconf 90' lang='lat' dir='ltr'>in</span> <span class='ocrx_word' id='word_1_82' title='bbox 1019 922 1203 967; x_wconf 83' lang='lat' dir='ltr'>corpore</span> <span class='ocrx_word' id='word_1_83' title='bbox 1227 902 1463 948; x_wconf 85' lang='lat' dir='ltr'>constituta</span> <span class='ocrx_word' id='word_1_84' title='bbox 1484 938 1495 955; x_wconf 91' lang='lat'>,</span> 
     </span>
     <span class='ocr_line' id='line_1_11' title="bbox 121 971 1501 1037; baseline -0.006 -14"><span class='ocrx_word' id='word_1_85' title='bbox 121 995 211 1023; x_wconf 92' lang='lat' dir='ltr'>non</span> <span class='ocrx_word' id='word_1_86' title='bbox 234 978 375 1023; x_wconf 91' lang='lat' dir='ltr'>solum</span> <span class='ocrx_word' id='word_1_87' title='bbox 398 978 539 1024; x_wconf 86' lang='lat' dir='ltr'>nullas</span> <span class='ocrx_word' id='word_1_88' title='bbox 565 977 804 1037; x_wconf 81' lang='lat' dir='ltr'>angustias,</span> <span class='ocrx_word' id='word_1_89' title='bbox 830 976 1111 1022; x_wconf 86' lang='lat' dir='ltr'>verumetiam</span> <span class='ocrx_word' id='word_1_90' title='bbox 1136 972 1372 1037; x_wconf 84' lang='lat' dir='ltr'>quamdam</span> <span class='ocrx_word' id='word_1_91' title='bbox 1397 971 1501 1016; x_wconf 79' lang='lat' dir='ltr'>lati-</span> 
     </span>
     <span class='ocr_line' id='line_1_12' title="bbox 124 1040 1505 1110; baseline -0.006 -17"><span class='ocrx_word' id='word_1_92' title='bbox 124 1047 324 1093; x_wconf 89' lang='lat' dir='ltr'>tudinem</span> <span class='ocrx_word' id='word_1_93' title='bbox 346 1048 541 1102; x_wconf 83' lang='lat' dir='ltr'>invenit‚</span> <span class='ocrx_word' id='word_1_94' title='bbox 577 1064 663 1092; x_wconf 90' lang='lat' dir='ltr'>non</span> <span class='ocrx_word' id='word_1_95' title='bbox 688 1045 984 1110; x_wconf 84' lang='lat' dir='ltr'>corporalium</span> <span class='ocrx_word' id='word_1_96' title='bbox 1011 1045 1206 1090; x_wconf 89' lang='lat' dir='ltr'>locorum</span> <span class='ocrx_word' id='word_1_97' title='bbox 1231 1080 1240 1089; x_wconf 85' lang='lat'><strong>.</strong></span> <span class='ocrx_word' id='word_1_98' title='bbox 1274 1042 1343 1087; x_wconf 82' lang='lat' dir='ltr'>sed</span> <span class='ocrx_word' id='word_1_99' title='bbox 1379 1040 1505 1104; x_wconf 86' lang='lat' dir='ltr'>spiri—</span> 
     </span>
     <span class='ocr_line' id='line_1_13' title="bbox 126 1111 1504 1179; baseline -0.007 -16"><span class='ocrx_word' id='word_1_100' title='bbox 126 1117 308 1163; x_wconf 90' lang='lat' dir='ltr'>tualinm</span> <span class='ocrx_word' id='word_1_101' title='bbox 336 1117 620 1177; x_wconf 80' lang='lat' dir='ltr'>gaudiorum,</span> <span class='ocrx_word' id='word_1_102' title='bbox 645 1133 743 1162; x_wconf 89' lang='lat' dir='ltr'>cum</span> <span class='ocrx_word' id='word_1_103' title='bbox 773 1116 822 1161; x_wconf 88' lang='lat' dir='ltr'>fit</span> <span class='ocrx_word' id='word_1_104' title='bbox 845 1115 962 1179; x_wconf 91' lang='lat' dir='ltr'>quod</span> <span class='ocrx_word' id='word_1_105' title='bbox 986 1117 1044 1160; x_wconf 90' lang='lat' dir='ltr'>ait</span> <span class='ocrx_word' id='word_1_106' title='bbox 1070 1112 1305 1176; x_wconf 89' lang='lat' dir='ltr'>Apostolus</span> <span class='ocrx_word' id='word_1_107' title='bbox 1325 1148 1335 1165; x_wconf 96' lang='lat'>,</span> <span class='ocrx_word' id='word_1_108' title='bbox 1365 1111 1504 1155; x_wconf 84' lang='lat' dir='ltr'>«Nes-</span> 
     </span>
     <span class='ocr_line' id='line_1_14' title="bbox 128 1180 1506 1250; baseline -0.007 -17"><span class='ocrx_word' id='word_1_109' title='bbox 128 1209 148 1229; x_wconf 89' lang='lat'>»</span> <span class='ocrx_word' id='word_1_110' title='bbox 169 1188 265 1233; x_wconf 84' lang='lat' dir='ltr'>citis</span> <span class='ocrx_word' id='word_1_111' title='bbox 289 1189 499 1250; x_wconf 90' lang='lat' dir='ltr'>quoniam</span> <span class='ocrx_word' id='word_1_112' title='bbox 521 1204 708 1250; x_wconf 81' lang='lat' dir='ltr'>corpora</span> <span class='ocrx_word' id='word_1_113' title='bbox 725 1197 862 1232; x_wconf 85' lang='lat' dir='ltr'>vestra</span> <span class='ocrx_word' id='word_1_114' title='bbox 882 1185 1094 1248; x_wconf 86' lang='lat' dir='ltr'>templum</span> <span class='ocrx_word' id='word_1_115' title='bbox 1111 1185 1153 1228; x_wconf 91' lang='lat' dir='ltr'>in</span> <span class='ocrx_word' id='word_1_116' title='bbox 1172 1182 1296 1227; x_wconf 79' lang='lat' dir='ltr'>vobis</span> <span class='ocrx_word' id='word_1_117' title='bbox 1317 1180 1506 1243; x_wconf 84' lang='lat' dir='ltr'>Spiritus</span> 
     </span>
     <span class='ocr_line' id='line_1_15' title="bbox 127 1249 1507 1320; baseline -0.007 -17"><span class='ocrx_word' id='word_1_118' title='bbox 127 1280 147 1299; x_wconf 73' lang='lat' dir='ltr'>n</span> <span class='ocrx_word' id='word_1_119' title='bbox 169 1257 307 1303; x_wconf 85' lang='lat' dir='ltr'>sancti</span> <span class='ocrx_word' id='word_1_120' title='bbox 332 1269 421 1313; x_wconf 86' lang='lat' dir='ltr'>est,</span> <span class='ocrx_word' id='word_1_121' title='bbox 446 1275 576 1320; x_wconf 88' lang='lat' dir='ltr'>quem</span> <span class='ocrx_word' id='word_1_122' title='bbox 597 1257 771 1302; x_wconf 87' lang='lat' dir='ltr'>habetis</span> <span class='ocrx_word' id='word_1_123' title='bbox 795 1275 817 1301; x_wconf 85' lang='lat' dir='ltr'>a</span> <span class='ocrx_word' id='word_1_124' title='bbox 842 1254 991 1308; x_wconf 69' lang='lat' dir='ltr'>Deo13</span> <span class='ocrx_word' id='word_1_125' title='bbox 1013 1272 1091 1300; x_wconf 87' lang='lat' dir='ltr'>nec</span> <span class='ocrx_word' id='word_1_126' title='bbox 1117 1253 1205 1298; x_wconf 83' lang='lat' dir='ltr'>dici</span> <span class='ocrx_word' id='word_1_127' title='bbox 1230 1252 1309 1297; x_wconf 91' lang='lat' dir='ltr'>nisi</span> <span class='ocrx_word' id='word_1_128' title='bbox 1338 1249 1507 1295; x_wconf 89' lang='lat' dir='ltr'>stultis-</span> 
     </span>
     <span class='ocr_line' id='line_1_16' title="bbox 128 1320 1510 1392; baseline -0.007 -18"><span class='ocrx_word' id='word_1_129' title='bbox 128 1329 233 1374; x_wconf 89' lang='lat' dir='ltr'>sime</span> <span class='ocrx_word' id='word_1_130' title='bbox 260 1339 428 1392; x_wconf 86' lang='lat' dir='ltr'>potest,</span> <span class='ocrx_word' id='word_1_131' title='bbox 451 1346 540 1374; x_wconf 86' lang='lat' dir='ltr'>non</span> <span class='ocrx_word' id='word_1_132' title='bbox 560 1328 722 1373; x_wconf 85' lang='lat' dir='ltr'>habere</span> <span class='ocrx_word' id='word_1_133' title='bbox 745 1327 891 1373; x_wconf 89' lang='lat' dir='ltr'>locum</span> <span class='ocrx_word' id='word_1_134' title='bbox 914 1327 958 1372; x_wconf 92' lang='lat' dir='ltr'>in</span> <span class='ocrx_word' id='word_1_135' title='bbox 984 1336 1129 1371; x_wconf 90' lang='lat' dir='ltr'>nostro</span> <span class='ocrx_word' id='word_1_136' title='bbox 1155 1338 1339 1385; x_wconf 86' lang='lat' dir='ltr'>corpore</span> <span class='ocrx_word' id='word_1_137' title='bbox 1366 1320 1510 1383; x_wconf 83' lang='lat' dir='ltr'>Spiri-</span> 
     </span>
     <span class='ocr_line' id='line_1_17' title="bbox 131 1389 1507 1461; baseline -0.008 -17"><span class='ocrx_word' id='word_1_138' title='bbox 131 1410 226 1444; x_wconf 89' lang='lat' dir='ltr'>tum</span> <span class='ocrx_word' id='word_1_139' title='bbox 264 1409 492 1453; x_wconf 86' lang='lat' dir='ltr'>sanctum,</span> <span class='ocrx_word' id='word_1_140' title='bbox 528 1397 649 1461; x_wconf 88' lang='lat' dir='ltr'>quod</span> <span class='ocrx_word' id='word_1_141' title='bbox 689 1408 831 1442; x_wconf 88' lang='lat' dir='ltr'>totum</span> <span class='ocrx_word' id='word_1_142' title='bbox 870 1407 1014 1441; x_wconf 86' lang='lat' dir='ltr'>nostra</span> <span class='ocrx_word' id='word_1_143' title='bbox 1050 1396 1193 1440; x_wconf 88' lang='lat' dir='ltr'>anima</span> <span class='ocrx_word' id='word_1_144' title='bbox 1227 1389 1507 1454; x_wconf 89' lang='lat' dir='ltr'>impleverit:</span> 
     </span>
     <span class='ocr_line' id='line_1_18' title="bbox 131 1459 1510 1533; baseline -0.009 -18"><span class='ocrx_word' id='word_1_145' title='bbox 131 1479 297 1533; x_wconf 87' lang='lat' dir='ltr'>quanto</span> <span class='ocrx_word' id='word_1_146' title='bbox 330 1468 505 1514; x_wconf 87' lang='lat' dir='ltr'>stultius</span> <span class='ocrx_word' id='word_1_147' title='bbox 540 1467 704 1513; x_wconf 87' lang='lat' dir='ltr'>dicitur</span> <span class='ocrx_word' id='word_1_148' title='bbox 738 1467 835 1512; x_wconf 92' lang='lat' dir='ltr'>ullis</span> <span class='ocrx_word' id='word_1_149' title='bbox 868 1465 1075 1525; x_wconf 83' lang='lat' dir='ltr'>angustiis</span> <span class='ocrx_word' id='word_1_150' title='bbox 1104 1462 1307 1526; x_wconf 91' lang='lat' dir='ltr'>impediri</span> <span class='ocrx_word' id='word_1_151' title='bbox 1346 1459 1510 1505; x_wconf 84' lang='lat' dir='ltr'>alicubi</span> 
     </span>
     <span class='ocr_line' id='line_1_19' title="bbox 133 1528 1514 1598; baseline -0.009 -14"><span class='ocrx_word' id='word_1_152' title='bbox 133 1539 388 1584; x_wconf 85' lang='lat' dir='ltr'>Trinitatem</span> <span class='ocrx_word' id='word_1_153' title='bbox 410 1573 420 1591; x_wconf 92' lang='lat'>,</span> <span class='ocrx_word' id='word_1_154' title='bbox 456 1549 504 1583; x_wconf 93' lang='lat' dir='ltr'>ut</span> <span class='ocrx_word' id='word_1_155' title='bbox 537 1538 668 1582; x_wconf 87' lang='lat' dir='ltr'>Pater</span> <span class='ocrx_word' id='word_1_156' title='bbox 691 1547 733 1582; x_wconf 88' lang='lat' dir='ltr'>et</span> <span class='ocrx_word' id='word_1_157' title='bbox 759 1536 892 1581; x_wconf 91' lang='lat' dir='ltr'>Filius</span> <span class='ocrx_word' id='word_1_158' title='bbox 915 1546 956 1581; x_wconf 92' lang='lat' dir='ltr'>et</span> <span class='ocrx_word' id='word_1_159' title='bbox 986 1535 1174 1598; x_wconf 88' lang='lat' dir='ltr'>Spiritus</span> <span class='ocrx_word' id='word_1_160' title='bbox 1203 1540 1377 1577; x_wconf 88' lang='lat' dir='ltr'>sanctus</span> <span class='ocrx_word' id='word_1_161' title='bbox 1409 1528 1514 1573; x_wconf 93' lang='lat' dir='ltr'>ubi-</span> 
     </span>
     <span class='ocr_line' id='line_1_20' title="bbox 133 1608 813 1671; baseline -0.003 -17"><span class='ocrx_word' id='word_1_162' title='bbox 133 1625 218 1671; x_wconf 90' lang='lat' dir='ltr'>que</span> <span class='ocrx_word' id='word_1_163' title='bbox 241 1608 371 1653; x_wconf 88' lang='lat' dir='ltr'>simul</span> <span class='ocrx_word' id='word_1_164' title='bbox 395 1624 481 1653; x_wconf 88' lang='lat' dir='ltr'>esse</span> <span class='ocrx_word' id='word_1_165' title='bbox 500 1625 587 1653; x_wconf 91' lang='lat' dir='ltr'>non</span> <span class='ocrx_word' id='word_1_166' title='bbox 609 1608 813 1670; x_wconf 72' lang='lat' dir='ltr'>possint?</span> 
     </span>
    </p>

    <p class='ocr_par' dir='ltr' id='par_1_3' title="bbox 136 1669 1536 2581">
     <span class='ocr_line' id='line_1_21' title="bbox 208 1669 1515 1734; baseline -0.008 -10"><span class='ocrx_word' id='word_1_167' title='bbox 208 1678 326 1724; x_wconf 87' lang='lat' dir='ltr'>XVI.</span> <span class='ocrx_word' id='word_1_168' title='bbox 354 1678 514 1723; x_wconf 85' lang='lat' dir='ltr'>Verum</span> <span class='ocrx_word' id='word_1_169' title='bbox 531 1678 642 1724; x_wconf 93' lang='lat' dir='ltr'>illud</span> <span class='ocrx_word' id='word_1_170' title='bbox 676 1688 737 1723; x_wconf 90' lang='lat' dir='ltr'>est</span> <span class='ocrx_word' id='word_1_171' title='bbox 766 1677 903 1722; x_wconf 90' lang='lat' dir='ltr'>multo</span> <span class='ocrx_word' id='word_1_172' title='bbox 944 1673 1213 1728; x_wconf 87' lang='lat' dir='ltr'>mirabilius,</span> <span class='ocrx_word' id='word_1_173' title='bbox 1254 1669 1375 1734; x_wconf 86' lang='lat' dir='ltr'>quod</span> <span class='ocrx_word' id='word_1_174' title='bbox 1412 1686 1515 1714; x_wconf 87' lang='lat' dir='ltr'>cum</span> 
     </span>
     <span class='ocr_line' id='line_1_22' title="bbox 136 1741 1510 1812; baseline -0.007 -18"><span class='ocrx_word' id='word_1_175' title='bbox 136 1751 251 1794; x_wconf 90' lang='lat' dir='ltr'>Deus</span> <span class='ocrx_word' id='word_1_176' title='bbox 274 1748 438 1812; x_wconf 88' lang='lat' dir='ltr'>ubique</span> <span class='ocrx_word' id='word_1_177' title='bbox 470 1749 524 1793; x_wconf 86' lang='lat' dir='ltr'>sit</span> <span class='ocrx_word' id='word_1_178' title='bbox 560 1759 692 1801; x_wconf 84' lang='lat' dir='ltr'>totus,</span> <span class='ocrx_word' id='word_1_179' title='bbox 728 1765 818 1792; x_wconf 87' lang='lat' dir='ltr'>nou</span> <span class='ocrx_word' id='word_1_180' title='bbox 850 1758 996 1792; x_wconf 87' lang='lat' dir='ltr'>tamen</span> <span class='ocrx_word' id='word_1_181' title='bbox 1017 1745 1061 1790; x_wconf 90' lang='lat' dir='ltr'>in</span> <span class='ocrx_word' id='word_1_182' title='bbox 1085 1743 1290 1789; x_wconf 87' lang='lat' dir='ltr'>omnibus</span> <span class='ocrx_word' id='word_1_183' title='bbox 1322 1741 1510 1786; x_wconf 86' lang='lat' dir='ltr'>habitat.</span> 
     </span>
     <span class='ocr_line' id='line_1_23' title="bbox 137 1807 1518 1880; baseline -0.008 -16"><span class='ocrx_word' id='word_1_184' title='bbox 137 1820 234 1865; x_wconf 88' lang='lat' dir='ltr'>Non</span> <span class='ocrx_word' id='word_1_185' title='bbox 262 1818 376 1863; x_wconf 88' lang='lat' dir='ltr'>enim</span> <span class='ocrx_word' id='word_1_186' title='bbox 402 1818 607 1863; x_wconf 88' lang='lat' dir='ltr'>omnibus</span> <span class='ocrx_word' id='word_1_187' title='bbox 636 1818 723 1863; x_wconf 85' lang='lat' dir='ltr'>dici</span> <span class='ocrx_word' id='word_1_188' title='bbox 759 1827 902 1880; x_wconf 87' lang='lat' dir='ltr'>potest</span> <span class='ocrx_word' id='word_1_189' title='bbox 940 1814 1061 1879; x_wconf 89' lang='lat' dir='ltr'>quod</span> <span class='ocrx_word' id='word_1_190' title='bbox 1092 1814 1151 1859; x_wconf 84' lang='lat' dir='ltr'>ait</span> <span class='ocrx_word' id='word_1_191' title='bbox 1175 1811 1427 1875; x_wconf 82' lang='lat' dir='ltr'>Apostolus,</span> <span class='ocrx_word' id='word_1_192' title='bbox 1453 1807 1518 1853; x_wconf 90' lang='lat' dir='ltr'>vel</span> 
     </span>
     <span class='ocr_line' id='line_1_24' title="bbox 137 1878 1522 1951; baseline -0.008 -18"><span class='ocrx_word' id='word_1_193' title='bbox 137 1887 257 1951; x_wconf 91' lang='lat' dir='ltr'>quod</span> <span class='ocrx_word' id='word_1_194' title='bbox 277 1892 369 1947; x_wconf 82' lang='lat' dir='ltr'>jani</span> <span class='ocrx_word' id='word_1_195' title='bbox 389 1888 494 1942; x_wconf 86' lang='lat' dir='ltr'>dixi,</span> <span class='ocrx_word' id='word_1_196' title='bbox 529 1887 595 1933; x_wconf 91' lang='lat' dir='ltr'>vel</span> <span class='ocrx_word' id='word_1_197' title='bbox 619 1888 746 1932; x_wconf 89' lang='lat' dir='ltr'>etiam</span> <span class='ocrx_word' id='word_1_198' title='bbox 765 1886 874 1932; x_wconf 88' lang='lat' dir='ltr'>illud</span> <span class='ocrx_word' id='word_1_199' title='bbox 899 1904 909 1930; x_wconf 89' lang='lat'>:</span> <span class='ocrx_word' id='word_1_200' title='bbox 933 1908 952 1927; x_wconf 91' lang='lat'>«</span> <span class='ocrx_word' id='word_1_201' title='bbox 978 1884 1160 1931; x_wconf 86' lang='lat' dir='ltr'>Nescitis</span> <span class='ocrx_word' id='word_1_202' title='bbox 1181 1882 1283 1945; x_wconf 89' lang='lat' dir='ltr'>quia</span> <span class='ocrx_word' id='word_1_203' title='bbox 1308 1878 1522 1943; x_wconf 86' lang='lat' dir='ltr'>templum</span> 
     </span>
     <span class='ocr_line' id='line_1_25' title="bbox 139 1949 1522 2020; baseline -0.007 -19"><span class='ocrx_word' id='word_1_204' title='bbox 139 1979 160 2000; x_wconf 87' lang='lat'>»</span> <span class='ocrx_word' id='word_1_205' title='bbox 188 1958 267 2002; x_wconf 93' lang='lat' dir='ltr'>Dei</span> <span class='ocrx_word' id='word_1_206' title='bbox 288 1959 402 2009; x_wconf 85' lang='lat' dir='ltr'>estis,</span> <span class='ocrx_word' id='word_1_207' title='bbox 420 1968 462 2003; x_wconf 91' lang='lat' dir='ltr'>et</span> <span class='ocrx_word' id='word_1_208' title='bbox 484 1957 663 2020; x_wconf 87' lang='lat' dir='ltr'>spiritus</span> <span class='ocrx_word' id='word_1_209' title='bbox 689 1957 762 2002; x_wconf 87' lang='lat' dir='ltr'>Dei</span> <span class='ocrx_word' id='word_1_210' title='bbox 782 1957 956 2002; x_wconf 84' lang='lat' dir='ltr'>habitat</span> <span class='ocrx_word' id='word_1_211' title='bbox 976 1957 1022 2000; x_wconf 91' lang='lat' dir='ltr'>in</span> <span class='ocrx_word' id='word_1_212' title='bbox 1047 1954 1170 1999; x_wconf 88' lang='lat' dir='ltr'>vobis</span> <span class='ocrx_word' id='word_1_213' title='bbox 1185 1954 1236 1998; x_wconf 64' lang='grc' dir='ltr'>’ΖΡ</span> <span class='ocrx_word' id='word_1_214' title='bbox 1258 1974 1277 1993; x_wconf 85' lang='grc'><em>»</em></span> <span class='ocrx_word' id='word_1_215' title='bbox 1299 1949 1422 1995; x_wconf 74' lang='lat' dir='ltr'>Unde</span> <span class='ocrx_word' id='word_1_216' title='bbox 1436 1959 1476 1993; x_wconf 88' lang='lat' dir='ltr'>et</span> <span class='ocrx_word' id='word_1_217' title='bbox 1500 1964 1522 1992; x_wconf 93' lang='lat' dir='ltr'>e</span> 
     </span>
     <span class='ocr_line' id='line_1_26' title="bbox 140 2018 1523 2090; baseline -0.007 -17"><span class='ocrx_word' id='word_1_218' title='bbox 140 2028 358 2074; x_wconf 88' lang='lat' dir='ltr'>contrario</span> <span class='ocrx_word' id='word_1_219' title='bbox 379 2027 433 2073; x_wconf 88' lang='lat' dir='ltr'>de</span> <span class='ocrx_word' id='word_1_220' title='bbox 459 2027 725 2090; x_wconf 87' lang='lat' dir='ltr'>quibusdam</span> <span class='ocrx_word' id='word_1_221' title='bbox 771 2026 906 2072; x_wconf 87' lang='lat' dir='ltr'>dicit:</span> <span class='ocrx_word' id='word_1_222' title='bbox 947 2047 967 2066; x_wconf 89' lang='lat'>«</span> <span class='ocrx_word' id='word_1_223' title='bbox 997 2024 1205 2087; x_wconf 83' lang='lat' dir='ltr'>Quisquis</span> <span class='ocrx_word' id='word_1_224' title='bbox 1238 2032 1380 2067; x_wconf 88' lang='lat' dir='ltr'>autem</span> <span class='ocrx_word' id='word_1_225' title='bbox 1418 2018 1523 2081; x_wconf 88' lang='lat' dir='ltr'>Spi-</span> 
     </span>
     <span class='ocr_line' id='line_1_27' title="bbox 144 2089 1523 2152; baseline -0.003 -12"><span class='ocrx_word' id='word_1_226' title='bbox 144 2120 165 2140; x_wconf 83' lang='lat'>›&gt;</span> <span class='ocrx_word' id='word_1_227' title='bbox 185 2099 316 2143; x_wconf 90' lang='lat' dir='ltr'>ritum</span> <span class='ocrx_word' id='word_1_228' title='bbox 357 2098 521 2144; x_wconf 86' lang='lat' dir='ltr'>Christi</span> <span class='ocrx_word' id='word_1_229' title='bbox 554 2115 642 2143; x_wconf 91' lang='lat' dir='ltr'>non</span> <span class='ocrx_word' id='word_1_230' title='bbox 677 2098 840 2149; x_wconf 82' lang='lat' dir='ltr'>habet,</span> <span class='ocrx_word' id='word_1_231' title='bbox 878 2097 952 2142; x_wconf 90' lang='lat' dir='ltr'>hic</span> <span class='ocrx_word' id='word_1_232' title='bbox 988 2113 1075 2141; x_wconf 90' lang='lat' dir='ltr'>non</span> <span class='ocrx_word' id='word_1_233' title='bbox 1106 2105 1166 2139; x_wconf 89' lang='lat' dir='ltr'>est</span> <span class='ocrx_word' id='word_1_234' title='bbox 1202 2097 1290 2152; x_wconf 87' lang='lat' dir='ltr'>ejus</span> <span class='ocrx_word' id='word_1_235' title='bbox 1311 2091 1344 2136; x_wconf 76' lang='lat'>3.</span> <span class='ocrx_word' id='word_1_236' title='bbox 1370 2112 1389 2130; x_wconf 71' lang='lat'>&gt;2</span> <span class='ocrx_word' id='word_1_237' title='bbox 1414 2089 1523 2145; x_wconf 81' lang='lat' dir='ltr'>Quis</span> 
     </span>
     <span class='ocr_line' id='line_1_28' title="bbox 142 2162 1533 2232; baseline -0.009 -18"><span class='ocrx_word' id='word_1_238' title='bbox 142 2185 276 2232; x_wconf 87' lang='lat' dir='ltr'>porro</span> <span class='ocrx_word' id='word_1_239' title='bbox 295 2168 450 2213; x_wconf 79' lang='lat' dir='ltr'>audeat</span> <span class='ocrx_word' id='word_1_240' title='bbox 468 2168 659 2230; x_wconf 87' lang='lat' dir='ltr'>opinari,</span> <span class='ocrx_word' id='word_1_241' title='bbox 684 2167 765 2212; x_wconf 88' lang='lat' dir='ltr'>nisi</span> <span class='ocrx_word' id='word_1_242' title='bbox 790 2166 984 2229; x_wconf 85' lang='lat' dir='ltr'>quisquis</span> <span class='ocrx_word' id='word_1_243' title='bbox 1007 2162 1422 2226; x_wconf 83' lang='lat' dir='ltr'>inseparabilitatem</span> <span class='ocrx_word' id='word_1_244' title='bbox 1455 2175 1533 2220; x_wconf 84' lang='lat' dir='ltr'>pe-</span> 
     </span>
     <span class='ocr_line' id='line_1_29' title="bbox 145 2228 1531 2301; baseline -0.009 -16"><span class='ocrx_word' id='word_1_245' title='bbox 145 2239 263 2285; x_wconf 85' lang='lat' dir='ltr'>nitus</span> <span class='ocrx_word' id='word_1_246' title='bbox 288 2239 512 2284; x_wconf 86' lang='lat' dir='ltr'>Trinitatis</span> <span class='ocrx_word' id='word_1_247' title='bbox 535 2239 725 2297; x_wconf 83' lang='lat' dir='ltr'>ignorat,</span> <span class='ocrx_word' id='word_1_248' title='bbox 751 2237 870 2301; x_wconf 88' lang='lat' dir='ltr'>quod</span> <span class='ocrx_word' id='word_1_249' title='bbox 903 2238 948 2282; x_wconf 91' lang='lat' dir='ltr'>in</span> <span class='ocrx_word' id='word_1_250' title='bbox 989 2236 1136 2297; x_wconf 91' lang='lat' dir='ltr'>aliquo</span> <span class='ocrx_word' id='word_1_251' title='bbox 1167 2233 1368 2278; x_wconf 80' lang='lat' dir='ltr'>habitare</span> <span class='ocrx_word' id='word_1_252' title='bbox 1396 2228 1531 2292; x_wconf 89' lang='lat' dir='ltr'>possit</span> 
     </span>
     <span class='ocr_line' id='line_1_30' title="bbox 149 2303 1528 2371; baseline -0.009 -16"><span class='ocrx_word' id='word_1_253' title='bbox 149 2313 279 2355; x_wconf 85' lang='lat' dir='ltr'>Pater</span> <span class='ocrx_word' id='word_1_254' title='bbox 300 2319 375 2354; x_wconf 86' lang='lat' dir='ltr'>aut</span> <span class='ocrx_word' id='word_1_255' title='bbox 411 2309 561 2362; x_wconf 78' lang='lat' dir='ltr'>Filius,</span> <span class='ocrx_word' id='word_1_256' title='bbox 584 2309 629 2353; x_wconf 89' lang='lat' dir='ltr'>in</span> <span class='ocrx_word' id='word_1_257' title='bbox 667 2325 755 2371; x_wconf 90' lang='lat' dir='ltr'>quo</span> <span class='ocrx_word' id='word_1_258' title='bbox 782 2325 868 2353; x_wconf 90' lang='lat' dir='ltr'>non</span> <span class='ocrx_word' id='word_1_259' title='bbox 905 2307 1075 2352; x_wconf 85' lang='lat' dir='ltr'>habitet</span> <span class='ocrx_word' id='word_1_260' title='bbox 1111 2303 1300 2367; x_wconf 85' lang='lat' dir='ltr'>Spiritus</span> <span class='ocrx_word' id='word_1_261' title='bbox 1335 2310 1528 2353; x_wconf 85' lang='lat' dir='ltr'>sanctus,</span> 
     </span>
     <span class='ocr_line' id='line_1_31' title="bbox 151 2373 1531 2441; baseline -0.008 -17"><span class='ocrx_word' id='word_1_262' title='bbox 151 2390 225 2425; x_wconf 88' lang='lat' dir='ltr'>aut</span> <span class='ocrx_word' id='word_1_263' title='bbox 255 2379 300 2423; x_wconf 90' lang='lat' dir='ltr'>in</span> <span class='ocrx_word' id='word_1_264' title='bbox 329 2378 471 2441; x_wconf 89' lang='lat' dir='ltr'>aliquo</span> <span class='ocrx_word' id='word_1_265' title='bbox 513 2378 703 2441; x_wconf 86' lang='lat' dir='ltr'>Spiritus</span> <span class='ocrx_word' id='word_1_266' title='bbox 733 2388 907 2423; x_wconf 89' lang='lat' dir='ltr'>sanctus</span> <span class='ocrx_word' id='word_1_267' title='bbox 935 2376 978 2421; x_wconf 90' lang='lat' dir='ltr'>in</span> <span class='ocrx_word' id='word_1_268' title='bbox 1015 2392 1102 2438; x_wconf 91' lang='lat' dir='ltr'>quo</span> <span class='ocrx_word' id='word_1_269' title='bbox 1140 2391 1227 2418; x_wconf 89' lang='lat' dir='ltr'>non</span> <span class='ocrx_word' id='word_1_270' title='bbox 1265 2382 1305 2417; x_wconf 90' lang='lat' dir='ltr'>et</span> <span class='ocrx_word' id='word_1_271' title='bbox 1343 2373 1466 2415; x_wconf 87' lang='lat' dir='ltr'>Pater</span> <span class='ocrx_word' id='word_1_272' title='bbox 1490 2379 1531 2413; x_wconf 92' lang='lat' dir='ltr'>et</span> 
     </span>
     <span class='ocr_line' id='line_1_32' title="bbox 155 2438 1534 2508; baseline -0.007 -16"><span class='ocrx_word' id='word_1_273' title='bbox 155 2449 319 2494; x_wconf 69' lang='lat' dir='ltr'>Filius?</span> <span class='ocrx_word' id='word_1_274' title='bbox 346 2448 468 2493; x_wconf 82' lang='lat' dir='ltr'>Unde</span> <span class='ocrx_word' id='word_1_275' title='bbox 492 2447 715 2493; x_wconf 89' lang='lat' dir='ltr'>fatendum</span> <span class='ocrx_word' id='word_1_276' title='bbox 735 2458 797 2492; x_wconf 90' lang='lat' dir='ltr'>est</span> <span class='ocrx_word' id='word_1_277' title='bbox 830 2446 995 2508; x_wconf 89' lang='lat' dir='ltr'>ubique</span> <span class='ocrx_word' id='word_1_278' title='bbox 1018 2462 1103 2490; x_wconf 87' lang='lat' dir='ltr'>esse</span> <span class='ocrx_word' id='word_1_279' title='bbox 1144 2445 1281 2488; x_wconf 88' lang='lat' dir='ltr'>Deum</span> <span class='ocrx_word' id='word_1_280' title='bbox 1308 2458 1385 2504; x_wconf 87' lang='lat' dir='ltr'>per</span> <span class='ocrx_word' id='word_1_281' title='bbox 1417 2438 1534 2484; x_wconf 85' lang='lat' dir='ltr'>divi-</span> 
     </span>
     <span class='ocr_line' id='line_1_33' title="bbox 152 2510 1536 2581; baseline -0.009 -17"><span class='ocrx_word' id='word_1_282' title='bbox 152 2518 300 2564; x_wconf 83' lang='lat' dir='ltr'>nitatis</span> <span class='ocrx_word' id='word_1_283' title='bbox 327 2519 622 2581; x_wconf 84' lang='lat' dir='ltr'>praesentiam,</span> <span class='ocrx_word' id='word_1_284' title='bbox 651 2517 724 2563; x_wconf 85' lang='lat' dir='ltr'>sed</span> <span class='ocrx_word' id='word_1_285' title='bbox 749 2533 836 2562; x_wconf 89' lang='lat' dir='ltr'>non</span> <span class='ocrx_word' id='word_1_286' title='bbox 855 2516 1020 2578; x_wconf 88' lang='lat' dir='ltr'>ubique</span> <span class='ocrx_word' id='word_1_287' title='bbox 1039 2531 1114 2577; x_wconf 89' lang='lat' dir='ltr'>per</span> <span class='ocrx_word' id='word_1_288' title='bbox 1142 2510 1427 2558; x_wconf 83' lang='lat' dir='ltr'>habitationis</span> <span class='ocrx_word' id='word_1_289' title='bbox 1442 2524 1536 2567; x_wconf 82' lang='lat' dir='ltr'>gra-</span> 
     </span>
    </p>
   </div>
   <div class='ocr_carea' id='block_1_2' title="bbox 208 2596 1125 2641">
    <p class='ocr_par' dir='ltr' id='par_1_4' title="bbox 208 2596 1125 2641">
     <span class='ocr_line' id='line_1_34' title="bbox 208 2596 1125 2641; baseline -0.004 -10"><span class='ocrx_word' id='word_1_290' title='bbox 208 2603 215 2622; x_wconf 86' lang='lat'>¹</span> <span class='ocrx_word' id='word_1_291' title='bbox 245 2603 346 2633; x_wconf 74' lang='lat' dir='ltr'>[Cor.</span> <span class='ocrx_word' id='word_1_292' title='bbox 366 2613 407 2638; x_wconf 70' lang='lat' dir='ltr'>w,</span> <span class='ocrx_word' id='word_1_293' title='bbox 429 2612 480 2641; x_wconf 86' lang='lat'>29.</span> <span class='ocrx_word' id='word_1_294' title='bbox 495 2619 540 2625; x_wconf 88' lang='lat'><strong>—</strong></span> <span class='ocrx_word' id='word_1_295' title='bbox 555 2599 633 2632; x_wconf 77' lang='lat' dir='ltr'>²1d.</span> <span class='ocrx_word' id='word_1_296' title='bbox 654 2612 707 2640; x_wconf 83' lang='lat'>111,</span> <span class='ocrx_word' id='word_1_297' title='bbox 737 2601 786 2630; x_wconf 87' lang='lat'>16.</span> <span class='ocrx_word' id='word_1_298' title='bbox 807 2617 851 2622; x_wconf 94' lang='lat'>——</span> <span class='ocrx_word' id='word_1_299' title='bbox 868 2596 881 2620; x_wconf 84' lang='lat'>3</span> <span class='ocrx_word' id='word_1_300' title='bbox 900 2601 992 2629; x_wconf 85' lang='lat' dir='ltr'>Rom.</span> <span class='ocrx_word' id='word_1_301' title='bbox 1012 2609 1079 2631; x_wconf 72' lang='lat' dir='ltr'>vm,</span> <span class='ocrx_word' id='word_1_302' title='bbox 1094 2609 1125 2636; x_wconf 76' lang='lat'>9.</span> 
     </span>
    </p>
   </div>
  </div>
 </body>
</html>
