1799 3251
316 280 408 335 304
726 293 759 322 s.
804 292 1047 322 Arous-HM
1082 292 1285 323 Et’lsCOPl

320 380 340 400 »
364 357 570 423 pectahat
589 357 666 402 Dei
684 356 889 419 patientia
907 356 951 401 in
970 357 1122 403 diebus
1142 358 1258 411 Noe,
1285 372 1385 402 cum
1403 355 1688 402 fabricaretur

318 451 338 471 »
363 446 488 484 arca,
514 428 558 473 in
577 445 662 491 qua
687 427 844 490 pauci,
876 427 921 472 id
951 438 1038 485 est,
1076 438 1173 473 octo
1208 427 1363 472 animae
1396 427 1525 472 salvae
1557 425 1686 472 factae

315 521 335 542 n
361 509 461 545 sunt
482 516 560 561 per
581 515 751 554 aquam.
777 498 981 543 »Deinde
1013 498 1236 558 subjunxit
1270 508 1310 542 et
1337 498 1395 542 ait
1418 515 1428 542 ε
1455 517 1475 538 «
1497 496 1630 553 Quod
1649 505 1692 542 et

262 625 265 630 N
318 591 339 610 »
363 586 439 615 vos
469 585 586 614 nunc
607 567 734 612 simili
755 567 891 613 forma
915 569 1136 631 baptisma
1162 568 1300 613 salvos
1327 566 1474 614 secit1.
1502 588 1522 608 »
1546 567 1693 613 Movet

318 640 462 703 itaque
479 676 488 694 ‚
512 638 545 683 si
573 637 691 701 apud
726 638 883 683 inferos
909 640 1144 689 Dominus,
1180 636 1355 701 quando
1382 648 1579 683 mortuus
1599 646 1688 691 est,

317 711 359 756 in
382 725 549 755 carcere
575 708 788 754 conclusis
811 709 1038 772 spiritibus
1057 708 1339 772 praedicavit,
1362 707 1470 770 quid
1491 707 1597 753 boni
1615 706 1695 752 soli

319 780 577 835 meruerint,
596 790 644 825 ut
674 779 887 824 Dominus
907 779 960 825 ad
983 779 1151 825 inferna
1170 777 1470 834 descenderet,
1493 778 1568 841 qui
1590 788 1695 823 tunc

319 850 514 898 infideles
535 850 737 905 fuerunt,
771 866 870 895 cum
904 849 1194 895 fabricaretur
1233 851 1364 894 arca?
1401 847 1571 893 Etenim
1594 856 1697 911 post

321 933 519 985 tempora
544 922 638 966 Noti·
655 957 666 976 ,
689 919 826 965 multa
848 920 981 965 millia
1003 930 1067 965 tot
1095 919 1284 979 gentium
1308 935 1442 982 usque
1463 917 1517 963 ad
1536 916 1698 981 passio-

323 1010 419 1038 nem
443 991 607 1038 Christi
633 1001 804 1036 mortua
826 1002 950 1046 sunt,
975 1008 1074 1054 quae
1096 991 1239 1053 potuit
1258 989 1378 1053 apud
1396 987 1554 1035 inferos
1573 988 1698 1034 inve-

325 1062 415 1107 nire
434 1079 443 1105 :
466 1078 553 1106 non
574 1060 724 1123 utique
745 1077 895 1105 corum
927 1061 1003 1123 qui
1027 1060 1070 1105 in
1102 1061 1236 1106 Deum
1262 1057 1563 1115 crediderant,
1586 1058 1699 1104 sicut

325 1131 565 1194 Prophetae
593 1140 634 1175 et
666 1130 936 1175 Patriarchae
972 1129 1025 1175 de
1054 1130 1188 1193 stirpe
1223 1129 1441 1184 Abrahae,
1471 1130 1583 1175 sicut
1607 1128 1700 1191 ipse

326 1212 440 1248 retro
471 1202 566 1246 No'e'
599 1211 641 1245 et
669 1211 758 1245 tota
787 1199 941 1245 domus
961 1203 1077 1259 ejus,
1112 1216 1211 1263 quae
1235 1199 1353 1245 salva
1388 1198 1505 1244 facta
1531 1209 1593 1244 est
1623 1214 1701 1261 per

326 1289 482 1336 aquam
502 1308 512 1327 ,
535 1281 711 1335 excepto
734 1270 923 1316 fortassis
948 1287 1035 1315 uno
1052 1270 1163 1327 filio,
1184 1270 1260 1333 qui
1277 1280 1425 1332 postea
1446 1268 1702 1332 reprobatus

324 1354 408 1396 θεῖς
440 1343 552 1388 sicut
583 1342 711 1387 etiam
756 1351 915 1404 praeter
952 1340 1203 1404 progeniem
1236 1340 1401 1396 Jacob,
1429 1339 1501 1385 alii
1526 1339 1704 1385 fuerunt

325 1413 544 1460 credentes
562 1412 606 1458 in
629 1413 764 1457 Deum
784 1449 794 1467 ‚
822 1411 936 1457 sicut
958 1412 1042 1457 Job
1062 1449 1071 1467 ‚
1093 1411 1204 1457 sicut
1229 1411 1381 1457 civitas
1399 1410 1554 1456 Ninive
1571 1446 1582 1466 ‚
1610 1418 1651 1454 et
1669 1407 1703 1454 si

326 1484 403 1548 qui
418 1483 490 1529 alii
504 1493 628 1539 sunt,
649 1483 725 1546 qui
745 1483 809 1528 vel
835 1493 1045 1545 apparent
1060 1483 1105 1527 in
1128 1481 1390 1545 Scriptum,
1409 1480 1476 1526 vel
1489 1480 1534 1526 in
1553 1496 1705 1540 genere

326 1556 521 1601 humano
547 1553 681 1599 latent
704 1571 714 1597 ι
739 1552 810 1598 sed
829 1570 976 1598 eorum
997 1553 1096 1598 dico
1128 1552 1262 1598 multa
1288 1551 1422 1597 millia
1439 1551 1671 1597 hominum
1689 1586 1700 1604 ‚

328 1625 405 1689 qui
436 1625 574 1670 Deum
605 1624 848 1683 ignorantes
870 1661 880 1676 ,
910 1634 952 1669 et
985 1623 1235 1669 daemonum
1270 1622 1337 1668 vel
1371 1621 1706 1667 simulacrorum

331 1694 467 1741 cultui
497 1692 662 1749 dediti,
688 1711 710 1738 a
742 1694 1012 1756 temporibus
1054 1695 1174 1748 Noe,
1213 1709 1347 1756 usque
1372 1691 1425 1738 ad
1460 1691 1706 1755 passionem

331 1765 494 1812 Christi
512 1802 522 1820 ‚
537 1782 583 1809 ex
603 1764 688 1810 hac
706 1764 791 1809 vita
808 1764 1096 1823 emigrarunt,
1112 1781 1220 1827 quos
1240 1763 1359 1827 apud
1376 1761 1535 1808 inferos
1550 1761 1706 1807 Chris-

330 1847 398 1882 tus
430 1835 649 1881 inveniens
668 1872 677 1890 ‚
714 1834 936 1897 quomodo
965 1835 1048 1880 illis
1083 1852 1170 1880 non
1206 1832 1496 1897 praedicavit,
1523 1831 1597 1878 sed
1621 1831 1707 1878 illis

332 1918 529 1961 tantum,
553 1906 628 1968 qui
663 1905 707 1950 in
730 1905 882 1950 diebus
914 1907 1008 1951 ‘Noe'
1032 1905 1244 1951 increduli
1270 1905 1448 1950 fuerunt
1466 1940 1476 1957 ‚
1505 1920 1605 1949 cum
1637 1901 1708 1948 fa·-

331 1977 572 2023 bricaretur
597 1977 725 2020 arca?
765 1977 849 2019 Aut
883 1975 914 2019 si
949 1975 1153 2021 omnibus
1186 1973 1478 2038 praedicavit,
1512 1990 1590 2018 cur
1613 1971 1709 2018 illos

333 2047 442 2093 solos
460 2047 612 2090 Petrus
626 2045 1006 2100 commemoravit,
1026 2045 1312 2107 praetermissa
1332 2042 1609 2089 multitudine
1622 2052 1710 2088 tam

335 2115 642 2163 innumerabili
668 2118 957 2160 caeterorum?

404 2188 486 2233 ΙΙΙ.
520 2189 573 2232 Et
602 2186 834 2232 Dominum
854 2185 1029 2250 quidem
1052 2203 1180 2232 carne
1214 2186 1523 2232 mortificatum
1550 2183 1712 2231 venisse

336 2259 381 2304 in
399 2257 613 2304 infernum
634 2294 643 2312 ‚
667 2256 765 2302 satis
786 2267 969 2302 constat.
995 2258 1143 2320 Neque
1164 2258 1276 2302 enim
1302 2254 1546 2302 contradici
1570 2264 1713 2317 potest

337 2329 404 2375 vel
439 2327 683 2392 prophetiae
721 2343 818 2389 quae
856 2326 961 2371 dixit
991 2345 1000 2371 :
1029 2327 1289 2382 «Quoniam
1324 2343 1411 2371 non
1444 2324 1714 2388 derelinques

340 2423 360 2442 ι)
387 2402 574 2444 animam
604 2415 737 2446 meam
761 2398 802 2442 in
829 2396 1023 2442 infin-1102
1052 2415 1062 2441 ι
1086 2419 1104 2437 »
1125 2397 1243 2459 quod
1265 2414 1317 2442 ne
1341 2396 1462 2442 aliter
1481 2396 1712 2458 quisquam

340 2486 488 2533 sapere
522 2467 720 2523 auderet,
760 2468 802 2511 in
843 2468 1021 2512 Actibus
1045 2467 1380 2529 Apostolorum,
1416 2465 1531 2511 idem
1561 2467 1715 2510 Petrus

341 2540 516 2603 exponit
531 2539 546 2567 5
569 2557 578 2584 :
608 2538 673 2584 vel
702 2538 891 2598 ejusdem
914 2538 1030 2583 Petri
1050 2537 1131 2582 illis
1152 2538 1317 2590 verbis,
1345 2536 1507 2599 quibus
1530 2551 1626 2582 eum
1644 2552 1715 2581 as-

391 2623 434 2653 ¹1
459 2626 543 2655 Pen.
562 2633 609 2661 ιιι,
631 2623 724 2653 ι8.ἢ
745 2620 759 2642 '²
779 2621 857 2652 1’511.
875 2631 926 2656 xv,
953 2632 1063 2653 10.—-
1081 2617 1094 2641 3
1109 2622 1177 2652 Act.
1197 2632 1234 2663 ιι,
1251 2626 1307 2656 25..
