1799 3251
577 268 786 299 EPISTOLA
823 269 954 298 cmi.
1358 251 1451 313 249

79 333 238 393 ingrati
262 352 272 379 :
299 334 386 379 hoc
408 344 450 380 et
467 334 544 379 iste
566 332 681 379 fecit.
713 332 764 378 ld
783 332 897 377 enim
920 349 1016 378 eum
1044 332 1252 396 sapientia
1271 330 1447 386 docuit,

81 405 151 462 cuj
161 419 205 447 us
222 413 326 448 esset
342 403 427 449 hoc
447 403 626 448 donum.

146 472 201 518 X.
232 473 381 535 Neque
396 473 510 518 enim
531 471 762 516 voluntatis
779 471 1007 516 arbitrium
1024 470 1122 516 ideo
1142 469 1328 525 tollitur,
1351 469 1454 532 quia

76 543 258 600 juvatur
281 559 290 585 :
318 541 390 586 sed
426 541 523 586 11160
549 544 743 599 juvatur,
778 540 880 602 quia
905 558 993 586 non
1024 540 1206 586 tollitur.
1232 539 1321 596 Qui
1339 538 1455 584 enim

84 611 174 655 Deo
209 610 352 655 dicit:
386 632 405 651 (ι
429 610 611 669 AdJutor
646 626 763 654 meus
794 610 929 664 est01‚
955 632 974 650 »
1000 610 1232 655 confitetur
1269 625 1311 653 se
1346 607 1453 653 velle

80 679 261 742 implere
297 681 414 743 quod
447 683 600 740 jussit,
636 680 708 725 5611
743 681 797 724 ab
822 697 870 724 eo
902 679 1148 742 quiJ'ussit‚
1188 677 1451 737 adjutorium

81 766 258 812 poscere
295 762 340 795 ut
366 752 512 814 possit.
549 753 620 796 Sic
658 762 697 795 et
734 751 810 796 iste
843 767 942 795 cum
977 750 1104 794 sciret
1129 749 1345 794 neminem
1372 763 1458 793 esse

81 836 204 882 posse
226 822 644 876 6001111601601,11151
673 823 786 866 Deus
801 820 894 873 1161,
915 820 1020 865 adiit
1048 819 1285 864 Dominum
1312 828 1353 863 et
1378 817 1458 862 de-

83 901 284 952 precatus
310 902 370 935 est
398 909 408 935 :
442 893 589 954 utique
612 890 758 936 volens
790 891 918 946 adiit,
945 890 1090 935 volens
1121 888 1376 951 deprecatus
1397 897 1460 932 est

82 975 162 1003 nec
188 960 376 1021 petiisset
398 961 474 1005 nisi
499 971 603 1005 esset
625 960 839 1006 voluntas.
873 960 957 1005 Sed
978 960 1056 1004 nisi
1077 959 1294 1022 petiisset,
1318 974 1461 1020 quan-

85 1038 176 1073 tum
205 1041 348 1091 posset
383 1030 608 1076 voluutas?
650 1031 763 1086 Quia
783 1031 860 1075 etsi
885 1031 1021 1093 possit
1050 1040 1281 1092 antequam
1311 1038 1428 1090 petat
1447 1063 1456 1080 ,

84 1098 194 1161 quid
212 1100 246 1144 ei
268 1100 476 1162 prodest,
495 1102 573 1146 nisi
592 1101 656 1145 illi
682 1113 779 1160 agat
799 1102 906 1160 grati
913 1118 956 1145 15
975 1117 1022 1145 ex
1042 1117 1091 1144 eo
1111 1099 1227 1162 quod
1251 1108 1416 1174 potest,
1440 1114 1463 1141 a

85 1184 173 1230 quo
197 1170 428 1246 petendum
457 1182 518 1215 est
541 1171 657 1233 quod
680 1172 875 1215 nondum
897 1173 1069 1233 potest?
1094 1170 1129 1213 I
1135 1168 1219 1213 nde
1242 1169 1368 1212 etiam
1389 1166 1466 1228 qui

81 1241 172 1297 jam
196 1240 420 1284 continens
444 1252 532 1289 651,
562 1257 647 1285 non
669 1240 805 1285 habet
833 1241 984 1302 utique
1008 1238 1352 1291 continentiam,
1388 1235 1465 1280 nisi

89 1309 199 1354 adsit
227 1310 454 1356 voluntas:
480 1312 552 1356 sed
577 1311 655 1356 nisi
681 1311 942 1374 accepisset,
966 1310 1070 1373 quid
1100 1309 1279 1354 haberet
1303 1307 1465 1352 volun-

91 1382 179 1424 tas?
207 1400 225 1419 α
250 1380 370 1435 Ouid
391 1381 504 1426 enim
529 1381 663 1426 habes
681 1381 887 1444 ,inquit,
910 1380 1030 1456 quod
1053 1396 1140 1424 non
1163 1377 1399 1440 accepisti?
1421 1375 1466 1421 Si

90 1470 110 1490 >2
136 1459 276 1493 autem
297 1450 528 1513 accepisti,
547 1451 654 1514 quid
676 1451 869 1511 gloriaris
882 1467 1002 1513 quast
1027 1467 1114 1494 non
1140 1448 1390 1510 acceperis-
1373 1447 1390 1474 2
1408 1449 1425 1491 Ρ
1448 1467 1468 1487 1)

89 1518 135 1564 id
165 1530 262 1564 1·;51
291 1520 409 1576 Ouid
449 1521 643 1580 gloriaris
676 1523 798 1584 quasi
827 1539 848 1566 a
876 1531 913 1565 te
943 1520 1036 1582 ipso
1061 1519 1250 1572 habeas,
1283 1516 1403 1581 quod
1436 1515 1469 1561 si

91 1606 176 1635 nou
203 1590 437 1653 accepisses
456 1628 466 1645 ,
495 1610 518 1636 a
547 1602 585 1636 te
610 1592 704 1654 ipso
726 1591 887 1636 habere
914 1608 1000 1636 non
1021 1607 1177 1654 posses,
1203 1589 1300 1634 Hoc
1327 1598 1468 1633 autem

93 1660 259 1706 dictum
282 1672 368 1715 est,
400 1673 445 1707 ut
469 1663 544 1725 qui
571 1663 798 1722 gloriatur,
830 1662 980 1708 nonin
999 1679 1040 1706 se
1064 1661 1159 1723 ipso
1177 1697 1190 1715 ,
1213 1659 1285 1705 5611
1307 1659 1351 1704 10
1376 1660 1470 1702 Do-

96 1731 215 1776 mino
248 1732 477 1791 glorietur3
510 1751 519 1778 :
550 1744 590 1779 et
614 1734 690 1796 qui
722 1733 915 1778 nondum
947 1733 1081 1777 habet
1109 1730 1224 1776 unde
1244 1730 1468 1790 glorietur,

96 1818 182 1845 non
209 1819 230 1845 a
257 1819 296 1846 56
315 1802 408 1864 ipso
431 1815 599 1865 speret,
624 1803 697 1848 scd
719 1804 954 1848 Dominum
978 1812 1193 1865 precetur.
1229 1801 1371 1845 Satius
1408 1809 1471 1844 651

96 1871 208 1915 enim
246 1872 386 1917 minus
411 1890 627 1936 quemque
649 1874 812 1918 habere
836 1873 955 1935 quod
994 1890 1016 1916 a
1052 1874 1141 1917 Deo
1171 1881 1317 1934 petat,
1342 1886 1474 1932 quam

97 1941 197 2003 plus
216 1942 377 1988 habere
401 1943 522 2006 quod
547 1944 631 1989 sibi
660 1944 823 1988 tribuat
848 1961 857 1988 z
883 1943 1091 2006 quoniam
1118 1941 1290 2005 expedit
1314 1940 1370 1986 ab
1387 1940 1474 1984 imo

98 2028 294 2072 surgere,
315 2030 444 2076 quam
466 2032 513 2060 ex
535 2014 621 2060 alto
640 2014 806 2060 cadere.
831 2037 849 2056 α
870 2015 983 2059 Deus
1001 2015 1133 2069 enim,
1161 2012 1372 2075 scriptum
1393 2020 1473 2063 est,

98 2103 120 2123 1)
144 2083 343 2146 superbis
367 2085 545 2141 resistit,
575 2085 820 2130 humilibus
842 2094 981 2130 autem
1011 2083 1085 2128 dat
1109 2083 1290 2142 gratiam
1308 2081 1340 2127 4.
1365 2101 1383 2122 n
1408 2079 1474 2124 Ad

99 2153 416 2200 abundantiam
439 2156 571 2215 igitur
594 2156 854 2201 delictorum
878 2157 963 2201 Lex
982 2171 1060 2200 nos
1080 2153 1209 2199 docet
1237 2152 1344 2216 quid
1367 2149 1473 2195 velle

101 2224 335 2269 debeamus
353 2262 364 2280 ,
387 2226 467 2271 0151
502 2227 676 2286 adjuvet
704 2227 840 2287 gratia
855 2264 865 2282 ‚
893 2237 942 2271 ut
964 2225 1084 2288 quod
1111 2224 1311 2269 volumus
1333 2221 1477 2267 valea—

101 2311 222 2351 mus,
248 2306 289 2339 et
305 2296 424 2358 quod
442 2297 703 2343 valuerimus
718 2334 728 2353 ‚
754 2297 1026 2360 impleamus.
1056 2293 1297 2354 Adjuvabit
1315 2302 1478 2347 autem,

104 2366 136 2410 si
167 2383 255 2411 non
287 2367 341 2412 de
377 2370 531 2413 nostris
564 2369 731 2413 viribus
753 2377 1063 2430 praesumentes
1082 2403 1092 2420 ,
1121 2365 1207 2411 alta
1233 2363 1477 2427 sapiamus,

105 2436 175 2481 sed
193 2436 438 2483 humilibus
452 2439 789 2491 consentientes,
815 2448 855 2483 et
874 2437 926 2482 dc
942 2437 990 2482 iis
1003 2452 1102 2499 quae
1120 2439 1212 2495 jam
1236 2448 1481 2497 possumus,

106 2508 262 2566 gratias
283 2527 458 2568 agamus
474 2546 483 2563 ,
510 2521 550 2554 61
564 2527 646 2573 pro
661 2509 711 2555 iis
729 2526 831 2572 quae
848 2507 1042 2554 nondum
1061 2521 1290 2570 possumus
1304 2541 1315 2560 ‚
1343 2505 1482 2548 Deum

157 2591 265 2624 ¹Psat.
284 2593 503 2633 xxvi‚9‚—'²
526 2606 533 2623 ι
555 2599 690 2631 (,or‚1r‚
714 2604 744 2631 ς,
767 2611 811 2616 -
826 2590 839 2613 3
868 2606 883 2622 ⁷).
905 2594 978 2624 (lor.
1001 2602 1015 2622 x
1035 2617 1041 2631 ‚
1066 2602 1115 2630 15.
1134 2607 1177 2613 —-
1197 2586 1398 2622 1111601111·ς
1415 2587 1445 2616 6.
