1799 3251
305 259 394 305 382
724 272 758 300 5.
805 270 1045 301 AL'GL‘STIM
1083 269 1284 299 eriscom

301 336 513 384 mittenda
545 346 607 381 est
643 335 836 384 libertati
858 355 869 390 ;
906 352 1037 398 quare
1077 333 1373 398 corripiuntur
1414 332 1674 393 negligentes

300 418 511 472 pastore5‚
541 419 582 452 et
603 405 765 451 dicitur
781 405 871 451 eis:
899 407 1124 453 Errantem
1145 421 1266 450 ovem
1303 421 1391 450 non
1425 404 1671 459 1exocastis,

301 501 322 521 »
346 477 563 542 perditam
590 494 678 522 non
703 476 1004 541 requisistisst‘?
1026 498 1045 520 ι)
1075 477 1130 525 Et
1152 492 1226 521 vos
1244 491 1341 521 oves
1367 473 1531 520 Christi
1555 474 1669 531 estis,

301 549 594 595 characterem
626 546 897 595 dominicum
912 547 1093 610 portatis
1112 546 1156 591 in
1173 562 1193 594 5
1198 555 1443 594 aeramento
1462 544 1581 608 quod
1599 561 1673 594 ac·-

299 619 496 683 cepistis;
526 618 598 664 sed
618 619 766 663 erratis
801 628 842 663 et
863 618 1028 682 peritis.
1056 619 1154 664 Non
1174 615 1274 663 ideo
1293 616 1416 662 vobis
1436 615 1671 679 displicea-

303 707 397 736 mus
413 689 517 753 quia
542 705 795 737 revocamus
814 700 1022 745 errantes,
1045 687 1336 751 etquaerimus
1350 686 1554 749 perditos.
1584 691 1677 737 Me-

300 760 389 806 lius
428 759 544 805 enim
567 758 749 805 facimus
782 759 1050 805 voluntatem
1076 757 1253 804 Domini
1276 757 1508 814 monenti&
1531 770 1579 804 ut
1602 776 1677 805 vos

304 831 359 877 ad
377 834 467 891 ejus
481 829 590 876 ovile
604 829 744 876 redire
760 847 982 890 cogamus,
1007 846 1140 893 quam
1158 828 1448 875 consentimus
1466 830 1680 877 voluntati

303 901 449 947 ovium
477 900 712 946 errantium
731 937 742 956 ,
771 911 818 946 ut
847 901 987 964 perire
1012 917 1086 947 vos
1110 899 1425 963 permittamus
1455 900 1556 946 Noli
1578 918 1679 961 ergo

302 975 392 1032 jam
431 971 572 1017 dicere
596 970 713 1034 quod
740 981 778 1016 te
799 971 965 1017 assidue
984 970 1114 1017 audio
1138 969 1297 1026 dicere,
1321 969 1391 1015 Sic
1407 970 1505 1017 volo
1524 989 1679 1032 errare,

305 1043 366 1087 sic
389 1041 487 1088 volo
509 1042 663 1104 perire.
699 1041 857 1086 Melius
880 1042 995 1087 enim
1036 1058 1113 1087 nos
1134 1041 1221 1087 hoc
1253 1041 1431 1088 omnino
1465 1059 1552 1088 non
1577 1059 1680 1107 per·-

305 1111 534 1167 mittimus‚
558 1122 771 1174 quantum
792 1127 1037 1174 possumus,

371 1181 445 1228 lv.
476 1181 611 1227 Modo
647 1181 767 1245 quod
792 1192 831 1227 te
856 1182 901 1229 in
924 1192 1106 1245 puteum
1124 1219 1134 1238 ,
1167 1191 1214 1227 ut
1238 1185 1479 1240 morereris,
1509 1184 1677 1241 misisti,

303 1253 455 1316 utique
473 1251 608 1298 libera
632 1252 856 1297 voluntate
872 1251 1026 1299 fecisti.
1059 1251 1143 1297 Sed
1170 1268 1299 1316 quam
1325 1253 1518 1299 crudeles
1542 1266 1681 1304 essent

305 1324 414 1370 servi
431 1323 527 1376 Dei,
555 1323 589 1368 si
611 1322 717 1369 huic
742 1322 869 1369 malae
894 1333 979 1370 tuae
998 1322 1215 1368 voluntati
1238 1333 1278 1369 te
1298 1325 1613 1387 permitterent,
1639 1338 1682 1373 ct

307 1411 393 1441 non
417 1403 455 1438 te
484 1391 537 1438 de
562 1392 635 1438 illa
658 1410 751 1438 mol
759 1403 794 1438 te
816 1393 1078 1439 liberalem?
1108 1392 1214 1449 Quis
1227 1410 1296 1438 eos
1311 1411 1396 1439 non
1412 1395 1565 1441 melito
1580 1395 1682 1442 cul-

304 1475 455 1528 paret.
446 1467 463 1494 ὖ
484 1463 580 1526 quis
600 1480 687 1508 non
708 1464 877 1541 impl-OS
901 1474 1014 1508 recte
1039 1462 1180 1523 judic
1172 1466 1288 1508 met?
1328 1465 1383 1509 Et
1407 1475 1549 1510 tamen
1573 1476 1618 1511 tu
1642 1477 1682 1513 te

301 1534 478 1584 volens
469 1551 513 1579 ιιι
541 1551 698 1596 aquam
729 1533 880 1580 misisti
901 1544 947 1579 ut
966 1532 1210 1588 morereris,
1239 1533 1301 1578 illi
1330 1545 1368 1579 te
1386 1535 1602 1581 nolentem
1629 1536 1682 1582 de

302 1622 416 1670 aqua
434 1604 499 1650 lex
505 1616 700 1661 Utverunt
727 1605 1033 1652 ncxnormetetis.
1069 1605 1136 1649 'lu
1172 1604 1309 1650 fecisti
1335 1623 1464 1652 secun
1451 1606 1571 1652 dum
1600 1625 1682 1653 vo-

298 1675 513 1722 luntatem
534 1686 670 1732 tuam„
691 1675 763 1722 sed
784 1676 826 1721 in
848 1675 1084 1739 perniciem
1106 1685 1243 1732 tuam,
1265 1675 1328 1722 illi
1352 1688 1503 1726 contra
1520 1678 1682 1725 volun.-

303 1756 434 1793 tatem
461 1756 597 1795 tus-m,
621 1745 692 1791 sed
712 1757 893 1809 propter
912 1745 1091 1792 salutem
1116 1757 1251 1792 tuam.
1285 1746 1330 1791 Si
1349 1764 1449 1807 ergo
1472 1748 1584 1794 salus
1601 1748 1682 1795 ista

307 1816 544 1880 corporalis
564 1816 623 1862 sic
645 1816 930 1863 custodienda
954 1827 1032 1873 est,
1070 1827 1117 1862 ut
1140 1816 1266 1863 etiam
1289 1817 1334 1862 in
1358 1818 1607 1867 nolentibus
1626 1820 1682 1869 ab

305 1888 381 1944 eis,
400 1888 472 1951 qui
498 1905 568 1933 eos
585 1887 788 1948 diligunt,
812 1899 1002 1935 servetur
1021 1908 1031 1942 ς
1053 1899 1217 1951 quanto
1247 1889 1381 1948 magis
1409 1889 1481 1936 illa
1506 1890 1682 1953 spirita—

303 1958 373 2016 lis,
409 1959 453 2004 in
480 1962 605 2018 cujus
638 1959 876 2005 desertione
908 1977 1021 2005 mors
1054 1970 1214 2004 aeterna
1247 1961 1486 2006 metuitur?
1527 1962 1681 2018 Quan-

303 2047 438 2095 quam
458 2029 502 2075 in
518 2030 595 2075 ista
620 2041 779 2087 morte,
796 2048 929 2094 quam
951 2030 1030 2076 tibi
1048 2041 1092 2075 tu
1116 2030 1207 2093 ipse
1221 2030 1378 2076 inferre
1393 2031 1578 2089 voluisti,
1597 2051 1683 2079 non

304 2099 445 2146 solum
462 2099 515 2145 ad
535 2111 719 2166 tempus,
740 2100 812 2146 sed
841 2100 970 2146 etiam
995 2101 1042 2146 in
1068 2111 1280 2148 oeternum
1302 2102 1552 2157 morereris3
1577 2104 1683 2167 quia

306 2170 385 2224 etsi
410 2188 495 2216 non
520 2171 717 2228 salutem,
741 2189 827 2217 non
845 2172 900 2217 ad
918 2171 1120 2217 Ecclesiae
1142 2188 1312 2235 pacem,
1342 2190 1429 2218 non
1455 2173 1506 2218 ad
1519 2174 1684 2221 Christi

304 2242 499 2305 eorporis
524 2242 734 2288 unitatem
757 2279 767 2298 ,
795 2259 882 2288 non
917 2241 970 2288 ad
989 2253 1181 2290 sanctam
1206 2253 1247 2288 et
1272 2242 1544 2291 individuam
1567 2245 1684 2291 cha—

307 2311 499 2365 ritatem,
526 2330 568 2358 se
599 2312 654 2358 ad
675 2312 787 2359 mala
809 2313 954 2376 aliqua
995 2312 1206 2373 cogereris
1229 2350 1240 2370 ,
1270 2331 1349 2361 nec
1395 2314 1454 2360 sic
1481 2314 1559 2362 tibi
1584 2316 1684 2379 ipse

310 2393 492 2428 mortem
516 2383 671 2429 inferre
699 2383 904 2430 debuisti.

380 2452 431 2500 V.
466 2453 702 2500 Considera
741 2454 989 2518 Scripturas
1027 2454 1192 2500 divinas
1215 2466 1256 2500 et
1285 2455 1450 2502 discute
1475 2466 1685 2519 quantum

312 2534 451 2590 potes,
462 2535 500 2570 et
518 2524 617 2572 vide
631 2535 775 2572 utrum
788 2525 874 2573 hoc
885 2525 1033 2573 fecerit
1048 2525 1201 2590 aliquis
1216 2526 1450 2592 aliquando
1470 2531 1686 2590 Justorum

360 2605 370 2629 ¹
390 2605 503 2639 Ezech.
520 2617 630 2647 ηυγ,
654 2613 684 2644 4‘.
