1799 3251
577 269 788 300 Erisrora
826 271 988 301 exixit.
1398 258 1482 324 ¹49

118 334 232 382 Deus
254 337 382 382 Pater
404 335 549 381 videat
572 335 750 389 Filium,
779 347 820 381 et
845 336 976 382 Filius
1000 339 1196 392 Patr0m3
1226 340 1381 402 procul
1401 341 1483 387 du-

116 405 190 450 bio
211 424 297 452 non
324 417 423 452 sunt
440 404 669 461 audiendi,
693 406 768 469 qui
788 406 991 452 visionem
1017 408 1171 454 nolunt
1197 409 1384 455 tribuere
1404 412 1485 456 nisi

116 478 388 540 corporibus.
413 478 562 539 Neque
592 477 706 521 enim
731 475 818 521 dici
839 476 901 521 fas
927 490 1010 534 est,
1031 478 1150 542 quod
1176 479 1328 523 Filium
1360 483 1484 525 Pater

115 564 202 592 non
228 547 396 602 videat,
419 557 494 593 aut
515 557 555 591 et
574 557 622 591 ut
643 546 733 609 ipse
754 546 920 603 videat,
946 565 1127 611 corpore
1145 549 1322 595 indutus
1340 560 1402 594 est
1420 587 1430 605 ‚
1450 551 1484 596 si

113 617 284 662 nonnisi
320 617 372 662 ad
410 633 568 679 corpus
603 617 791 679 pertinet
822 617 950 664 visus.
996 618 1116 674 Quid
1151 619 1272 681 quod
1310 619 1353 664 in
1388 620 1483 683 ipso

114 687 266 733 mundi
287 688 459 734 exordio
477 725 486 741 ,
523 698 752 750 antequam
779 705 801 731 a
836 688 942 733 Filio
971 700 1078 734 esset
1104 689 1190 734 ulla
1214 689 1349 735 forma
1374 692 1482 736 servi

111 769 309 821 suscepta
329 797 339 813 ,
373 758 484 803 vidit
518 759 629 803 Deus
663 757 825 813 lucem,
849 759 950 821 quia
985 759 1103 804 bona
1135 759 1249 812 est13
1276 771 1318 805 et
1345 761 1487 806 firma-

112 839 327 882 mentum,
360 840 400 874 et
438 845 577 884 mare,
603 839 643 873 et
680 828 868 885 aridam,
894 841 935 874 et
967 846 1093 874 omne
1129 830 1322 887 foenum,
1354 842 1485 894 atque

110 916 235 944 omne
251 899 416 959 lignum
437 936 446 947 .
469 899 597 944 solem
616 936 626 952 ‚
644 899 791 944 lunam
811 936 821 953 ,
849 899 990 944 stellas
1007 937 1016 955 ,
1043 900 1213 963 reptilia
1240 902 1484 947 animarum

108 969 330 1025 vivarum,
362 969 552 1015 volatilia
572 969 702 1025 coeli,
729 970 918 1014 animam
937 970 1079 1015 vivam
1105 989 1115 1017 :
1138 983 1353 1034 postremo
1375 972 1486 1017 vidit

107 1043 226 1086 Deus
243 1041 387 1086 omnia
405 1078 414 1096 ‚
441 1040 676 1103 quaefecit‚
700 1051 741 1085 et
764 1057 863 1086 ecce
879 1041 995 1087 bona
1020 1041 1142 1088 valde
1159 1042 1204 1088 2?
1226 1043 1356 1100 Quod
1381 1060 1482 1089 cum

107 1126 184 1173 per
210 1127 404 1174 quasque
424 1121 639 1156 creaturas
670 1111 896 1174 Scriptura
926 1112 1052 1157 toties
1080 1114 1324 1176 repetisset,
1348 1114 1484 1160 miror

108 1180 221 1225 unde
239 1192 337 1226 nata
355 1180 487 1226 suerit
505 1181 577 1226 illa
599 1181 749 1244 opinio
765 1218 775 1237 ,
810 1199 897 1245 qua
924 1194 1126 1246 putatum
1157 1195 1218 1229 est
1238 1195 1405 1229 tantum
1427 1185 1481 1230 ad

105 1268 290 1314 corpora
314 1251 532 1313 pertinere
561 1251 784 1298 visionem.
813 1252 924 1308 Quae
958 1254 1107 1316 opinio
1132 1254 1184 1299 de
1205 1271 1483 1332 quocumque

104 1321 309 1384 loquendi
331 1338 447 1366 more
471 1332 563 1366 orta
586 1321 665 1376 sit,
691 1321 934 1384 Scripturae
952 1333 1097 1368 tamen
1131 1335 1293 1369 sanctae
1313 1342 1399 1370 non
1420 1325 1479 1370 sic

103 1391 399 1456 loquisolent‚
422 1409 521 1455 quae
542 1392 649 1438 nisi.
673 1403 949 1439 uolitantum
971 1396 1174 1472 corpori
1198 1394 1478 1440 verumetiam

103 1462 297 1539 spiritui,
326 1479 545 1525 magisque
583 1462 755 1525 spiritui
784 1480 914 1542 quam
953 1466 1127 1527 corpori
1151 1465 1391 1511 tr·ibuelent
1415 1465 1481 1510 xi-

101 1534 288 1590 sionem,
312 1551 401 1579 non
424 1534 666 1597 Prophetas
683 1535 861 1597 proprie
880 1535 1071 1581 videntes
1091 1537 1453 1600 r1ppeltauscnt3

100 1603 176 1667 qui
195 1621 282 1650 non
304 1621 487 1667 corpore
503 1604 575 1650 sed
593 1605 750 1668 spiritu
771 1606 897 1651 etiam
921 1606 1067 1652 futura
1086 1607 1305 1654 viderunt.

163 1675 237 1720 LI.
273 1674 358 1720 Sed
374 1674 653 1734 cogitandum
672 1686 733 1720 est
751 1713 761 1730 ‚
782 1677 955 1739 nequid
974 1677 1206 1723 insolenter
1221 1677 1472 1731 audeamus,

99 1745 131 1789 si
156 1744 387 1790 dixerimus
407 1762 568 1808 corpus
586 1762 672 1790 non
697 1746 836 1791 solum
863 1747 1169 1793 mortalitatem
1196 1759 1237 1793 et
1258 1750 1476 1811 corrupti-

99 1814 310 1861 bilitatem
330 1852 341 1871 ,
369 1816 651 1861 verumetiam
687 1816 774 1862 hoc
797 1817 941 1880 ipsum
972 1818 1091 1880 quod
1120 1835 1280 1882 eorpus
1313 1829 1374 1863 est
1397 1836 1476 1881 per

98 1885 275 1945 gloriam
293 1887 615 1932 resurrectionis
626 1887 837 1943 amittere,
856 1888 1107 1951 etspiritum
1126 1890 1231 1935 (ieri.
1258 1890 1320 1934 Eo
1339 1889 1470 1934 morlo

98 1956 263 2019 quippe
282 1967 357 2002 aut
374 1956 764 2020 conduplicabitur
777 1957 1017 2004 substantia
1038 1959 1215 2021 spiritus
1233 1996 1243 2014 ,
1268 1959 1301 2004 si
1317 1970 1358 2004 et
1377 1977 1472 2004 cor-

97 2042 179 2088 pus
201 2026 378 2089 spiritus
411 2027 521 2080 erit3
555 2037 628 2072 aut
665 2027 698 2072 si
723 2045 833 2073 unus
858 2029 938 2074 erit
960 2029 1138 2092 spiritus
1167 2029 1376 2083 hominis,
1410 2029 1471 2074 ita

98 2106 146 2140 ut
167 2107 437 2142 commutato
461 2107 502 2142 et
533 2113 740 2143 converso
772 2097 817 2143 in
853 2099 1052 2162 spiritum
1089 2116 1295 2162 corpore,
1332 2116 1474 2161 neque

95 2168 380 2226 geminatione
393 2185 532 2231 neque
544 2169 809 2214 incremento
823 2169 1176 2233 conduplicetur,
1197 2187 1275 2216 nec
1291 2171 1470 2216 omnino

96 2237 224 2283 ullius
257 2255 429 2285 accessu
463 2239 718 2303 quantitatis
750 2252 981 2300 augeatur3
1018 2241 1298 2287 metuendum
1333 2251 1393 2286 est
1420 2259 1471 2286 ne

94 2307 207 2354 nihil
231 2307 349 2354 aliud
372 2308 462 2355 dici
494 2308 709 2365 videatur,
735 2328 868 2373 quam
906 2328 1090 2374 corpora
1125 2328 1212 2356 non
1236 2310 1307 2356 illa
1330 2321 1470 2355 muta-

95 2377 209 2424 tione
228 2379 492 2426 immortalia
508 2396 710 2426 mansura
725 2417 736 2436 ‚
760 2380 833 2426 sed
851 2380 969 2426 nulla
986 2381 1133 2445 potius
1151 2381 1297 2426 futura
1318 2391 1360 2426 et
1379 2397 1469 2425 om·

94 2448 197 2496 nino
210 2451 415 2514 peritura.
445 2452 728 2515 Quapropter
747 2451 886 2498 donec
902 2451 1097 2512 diligenti
1117 2452 1392 2515 inquisitione
1405 2490 1415 2507 ,
1434 2452 1464 2497 si

96 2520 307 2570 Dominus
320 2523 534 2583 adjuverit
551 2560 560 2576 ,
580 2523 819 2585 reperiatur
838 2522 941 2586 quid
959 2522 1198 2569 sccumtum
1222 2523 1469 2587 Scripturas

144 2610 347 2644 ²(n11i11fl4,
378 2627 406 2630 ὴ
434 2606 963 2650 ‘'lin-⁵·31·-*·''11*‘'=;;-¹-³1=1¹·
