1799 3251
309 314 401 369 314
715 332 748 361 s.
792 330 1035 363 AUGUSTINI
1072 332 1272 363 Episcopi

303 393 356 438 ad
382 394 479 440 liaec
502 408 696 461 tempora
725 397 955 443 transtulit.
989 397 1067 443 Illa
1111 399 1276 461 quippe
1300 416 1364 445 res
1399 410 1512 459 gesta
1541 400 1676 446 forma

302 462 438 509 fuerat
461 465 728 523 futurorum,
748 469 837 513 utii
855 469 931 531 qui
959 469 1087 513 modo
1107 486 1192 513 non
1214 470 1398 515 credunt
1422 470 1674 529 Evangelio,

298 533 402 579 duni
427 536 471 581 in
495 539 699 584 omnibus
718 538 918 598 gentibus
937 539 1180 584 {edificatur
1206 539 1416 594 Ecclesia,
1441 539 1524 585 illis
1544 540 1677 585 intel-

299 603 487 663 ligantur
529 625 614 654 esse
652 609 830 663 similes,
874 611 949 672 qui
987 620 1089 654 tunc
1129 627 1217 654 non
1262 610 1544 655 crediderunt
1569 628 1672 656 cum

298 672 585 723 fabricaretur
603 696 716 726 arca.
744 679 813 724 Illi
830 691 970 725 autem
991 681 1065 743 qui
1083 679 1379 736 crediderunt,
1404 691 1444 726 et
1463 698 1540 744 per
1560 681 1672 743 bap-

299 743 472 792 tismum
502 748 607 794 salvi
634 750 763 799 fiunt.
788 750 872 795 illis
889 761 1216 813 comparentur,
1244 752 1320 814 qui
1339 762 1442 796 tunc
1464 754 1509 796 in
1526 751 1673 797 eadem

298 830 396 860 arca
421 817 525 863 salvi
556 819 658 865 facti
678 831 776 865 sunt
795 837 874 883 per
898 837 1071 883 aquam.
1109 820 1233 865 Unde
1271 822 1328 866 ait
1353 839 1364 866 z
1405 843 1425 863 «
1444 822 1515 866 Sic
1536 833 1577 867 et
1600 838 1675 868 vos

301 908 320 925 >2
345 886 472 933 simili
488 887 625 935 forma
648 891 865 954 baptisma
899 891 1037 936 salvos
1074 890 1178 936 facit
1201 890 1235 937 1.
1267 913 1285 932 »
1318 891 1384 937 Ad
1409 891 1524 936 hanc
1542 891 1674 950 igitur

298 956 447 1003 fbrmae
468 960 811 1015 similitudinem,
830 973 983 1007 caetera
1003 962 1131 1006 etiam
1156 961 1208 1006 de
1234 962 1470 1007 incredulis
1493 973 1672 1025 coapte-

299 1043 406 1081 mus,
427 1041 468 1074 et
493 1048 579 1076 non
604 1033 874 1094 suspicemur
900 1032 1017 1095 quod
1049 1032 1166 1095 apud
1191 1032 1349 1077 inferos
1377 1033 1427 1078 ad
1455 1032 1673 1078 faciendos

296 1096 439 1143 fideles
462 1112 589 1163 atque
605 1101 852 1147 liberandos
870 1102 1153 1163 Evangelium
1184 1102 1478 1164 preedicatum
1507 1103 1582 1158 sit,
1604 1102 1670 1147 vel

292 1166 438 1214 adhuc
462 1171 591 1216 etiam
612 1172 894 1235 praedicetur‚
921 1173 1042 1236 quasi
1074 1184 1116 1216 et
1151 1171 1213 1217 ibi
1247 1172 1299 1217 sit
1321 1172 1513 1218 Ecclesia
1538 1189 1671 1218 cons-

299 1247 440 1286 tituta.

359 1309 475 1358 XVI.
507 1310 571 1356 Ad
586 1311 708 1358 illum
728 1330 827 1373 ergo
849 1330 1037 1369 sensum,
1061 1313 1134 1376 qui
1159 1324 1198 1358 te
1217 1324 1374 1368 movet,
1400 1312 1497 1357 ideo
1515 1311 1670 1358 viden-

296 1389 365 1423 tur
390 1383 562 1427 attracti
599 1385 674 1445 qui
698 1383 784 1428 hoc
819 1386 992 1429 Petrum
1031 1384 1202 1428 sensisse
1228 1382 1522 1439 crediderunt,
1568 1383 1670 1445 quia

294 1449 417 1503 (lixit,
447 1453 661 1498 conclusis
682 1455 724 1499 in
752 1471 923 1499 carcere
943 1454 1171 1517 spiritibus
1192 1453 1501 1516 praedicatum,
1544 1454 1666 1516 quasi

290 1520 445 1567 animae
465 1539 552 1567 non
578 1524 744 1585 possint
766 1523 946 1583 intelligi
980 1523 1156 1586 spiritus
1172 1560 1181 1578 ‚
1211 1539 1310 1585 quae
1335 1534 1439 1567 tunc
1478 1534 1599 1568 er-ant
1622 1523 1666 1567 in

293 1607 438 1647 carne,
478 1604 607 1656 atque
630 1595 884 1653 ignorantiae
909 1595 1094 1639 tenebris
1129 1593 1246 1638 velut
1284 1610 1454 1638 carcere
1486 1593 1665 1638 claude-

290 1661 452 1707 bantur
482 1681 491 1708 :
515 1664 567 1709 de
591 1665 708 1728 quali
728 1682 898 1711 carcere
915 1683 956 1710 se
974 1664 1188 1710 desiderat
1207 1663 1384 1709 liberari
1402 1663 1472 1708 ille
1493 1664 1568 1726 qui
1592 1663 1664 1708 di-

292 1735 376 1778 cit:
407 1756 425 1774 <‹
456 1734 578 1780 Educ
603 1735 656 1781 de
689 1754 858 1782 carcere
904 1737 1091 1782 animam
1137 1753 1294 1790 meam,
1335 1746 1383 1780 ut
1405 1736 1665 1780 confiteatur

292 1828 310 1845 »
336 1805 500 1850 nomini
524 1817 598 1851 tuo
623 1807 640 1834 2
663 1825 672 1851 ε
704 1830 723 1847 »
765 1824 863 1870 quae
895 1807 999 1852 alibi
1025 1807 1180 1851 umbra
1214 1806 1365 1850 mortis
1396 1805 1657 1868 appellatur.

289 1879 351 1920 De
373 1893 458 1938 qua
490 1894 577 1921 non
604 1878 752 1940 utique
775 1878 891 1940 apud
917 1877 1093 1926 inferos,
1135 1877 1207 1921 sed
1233 1876 1308 1921 hic
1343 1876 1517 1921 liberati
1542 1888 1659 1932 sunt,

288 1946 340 1991 de
359 1947 520 2009 quibus
540 1948 750 2010 scriptum
777 1960 867 1993 est:
900 1970 916 1988 r<
945 1949 1033 2004 Qui
1057 1947 1262 1992 sedebant
1284 1947 1326 1991 in
1356 1947 1512 1991 umbra
1542 1964 1663 1992 mor-

287 2038 306 2057 »
327 2016 394 2071 tis,
429 2016 574 2062 lumen
605 2029 750 2062 ortum
779 2028 840 2062 est
862 2018 920 2062 eis
940 2017 971 2063 3.
997 2039 1016 2057 >³
1043 2016 1130 2061 Illis
1166 2027 1308 2060 autem
1330 2017 1374 2060 in
1393 2015 1548 2061 diebus
1567 2017 1662 2062 Noe

283 2086 439 2131 frustra
470 2087 755 2150 praedicatum
776 2098 854 2141 est,
887 2087 991 2150 quia
1016 2103 1102 2130 non
1136 2085 1433 2138 crediderunt,
1462 2103 1561 2131 cum
1587 2103 1660 2131 ex-

286 2169 476 2220 pectaret
495 2175 563 2202 eos
586 2160 663 2203 Dei
686 2158 893 2220 patientia
909 2175 986 2220 per
1014 2167 1183 2219 tempus
1205 2167 1269 2200 tot
1290 2174 1521 2205 annorum.
1557 2158 1660 2220 qui-

283 2229 365 2273 bus
389 2246 485 2273 arca
507 2228 652 2274 eadem
667 2227 877 2274 fabricata
898 2239 959 2273 est
982 2246 992 2272 :
1026 2228 1157 2290 (nam
1175 2231 1265 2286 ejus
1279 2227 1405 2271 etiam
1428 2226 1659 2273 fabricatio

286 2299 476 2362 quodam
517 2299 648 2344 modo
688 2300 943 2362 praedicatio
975 2298 1086 2360 fuit)
1123 2316 1133 2343 ε
1176 2299 1287 2343 sicut
1329 2298 1458 2343 modo
1503 2298 1659 2344 similes

285 2386 433 2414 eorum
472 2386 558 2415 non
585 2369 786 2425 credunt,
821 2373 897 2432 qui
929 2370 1010 2414 sub
1033 2368 1179 2413 eadem
1219 2367 1374 2421 forma‚
1401 2369 1659 2428 ignorantiae

285 2439 469 2483 tenebris
495 2438 614 2483 velut
649 2457 820 2485 carcere
862 2438 1217 2493 concluduntur,
1243 2437 1401 2483 frustra
1444 2440 1658 2484 intuentes

284 2509 517 2553 Ecclesiam
538 2520 626 2554 toto
652 2509 816 2554 mundo
841 2509 1034 2554 construi
1060 2508 1332 2553 imminentes
1353 2508 1538 2568 judicio,
1567 2520 1656 2554 tan-

278 2595 411 2641 quam
435 2577 620 2635 diluvio‚
655 2596 742 2641 quo
772 2591 874 2625 tunc
911 2595 1058 2624 omnes
1084 2577 1299 2623 increduli
1317 2579 1551 2642 perierunt.
1586 2581 1655 2625 Ait

329 2661 336 2680 ¹
366 2662 479 2691 speir,
505 2672 554 2698 ιιι,
580 2671 634 2692 21.
655 2679 694 2683 -
713 2660 727 2682 '2
743 2663 818 2692 l’sal.
834 2673 920 2697 cxci,
938 2663 968 2692 8,
992 2680 1032 2685 --
1054 2658 1222 2694 ³lsa'i,1x,
1243 2674 1273 2693 ⁷).
