1799 3251
567 253 778 285 EPISTOLA
814 252 908 286 cxi„
1362 255 1377 286 ι
1391 240 1417 287 5

56 318 100 368 in
125 329 277 364 natura
301 334 377 364 sua
399 317 536 364 factus
555 328 615 363 est
632 318 850 382 particeps
872 329 1039 364 naturae
1062 327 1219 363 nostrae
1237 354 1248 374 ,
1270 329 1319 365 ut
1339 336 1416 366 nos

52 399 270 434 manentes
288 388 334 434 in
352 399 506 434 natura
527 398 673 433 nostra
692 388 959 435 efficeremur
989 388 1224 452 participes
1248 399 1416 436 naturae

53 458 200 522 ipsius.
232 459 329 504 Non
349 469 491 504 tamen
513 459 572 504 sic
594 475 604 502 :
635 475 736 503 nam
756 458 878 504 illum
904 470 1071 505 naturae
1096 468 1253 510 nostrae
1276 460 1417 521 parti-

53 528 217 590 cipatio
238 544 324 573 non
345 527 448 574 fecit
463 527 718 574 deteriorem
737 547 748 582 ;
771 545 848 574 nos
871 538 1013 574 autem
1043 528 1149 574 facit
1173 538 1340 575 naturae
1359 529 1416 575 il-

54 596 137 642 lius
160 596 439 660 participatio
465 596 672 643 meliores.

120 667 199 713 XI.
236 667 391 711 «Misit
413 667 563 729 itaque
589 667 701 712 Deus
734 666 893 713 Filium
911 684 1037 713 suum
1058 666 1220 713 factum
1248 684 1293 713 ex
1320 683 1418 714 mu-

57 757 78 778 »
97 735 197 782 liere
215 772 226 792 ,
253 734 416 781 factum
433 737 516 781 sub
535 735 641 795 lege.
667 757 687 777 >2
709 736 820 781 Nam
838 737 963 797 Legis
986 747 1248 782 sacramenta
1268 754 1421 800 perce-

56 806 151 870 pit,
180 806 279 851 «Ut
301 823 371 851 eos
393 806 470 869 qui
501 805 583 852 sub
611 807 724 867 Lege
742 817 863 852 erant
882 844 894 864 ‚
920 807 1196 863 redimerem,
1220 829 1240 848 n
1258 807 1303 853 id
1338 819 1422 863 est,

56 892 165 939 quos
184 877 270 921 Lex
286 892 378 921 reos
395 875 568 921 tenebat
593 874 820 921 occidente
840 876 997 934 littera,
1024 876 1131 922 dum
1151 888 1422 941 praeceptum

57 962 145 991 non
168 945 438 1009 impleretur,
462 955 690 1008 antequam
710 945 950 992 vivificaret
966 947 1142 1010 spiritus
1160 965 1170 992 ε
1188 948 1291 1011 quia
1313 947 1425 993 cba-

57 1016 162 1061 ritas
185 1017 288 1072 Dei,
311 1032 412 1080 quae
429 1025 701 1079 praeceptum
719 1015 898 1078 implet,
931 1016 1190 1062 diffunditur
1210 1018 1255 1062 in
1277 1017 1426 1063 cordi-

58 1086 140 1132 bus
157 1087 311 1132 nostris
337 1104 413 1150 per
435 1086 647 1149 Spiritum
672 1097 865 1132 sanctum
885 1124 896 1139 ,
923 1087 1000 1150 qui
1021 1087 1148 1134 datus
1167 1099 1229 1134 est
1246 1089 1418 1135 nobis2.

60 1157 246 1203 Proinde
268 1174 367 1203 cum
391 1157 560 1203 dixisset
581 1174 591 1202 :
614 1177 633 1198 (ι
655 1158 709 1202 Ut
728 1173 797 1201 eos
821 1157 896 1220 qui
916 1158 997 1203 sub
1024 1159 1134 1218 Lege
1157 1170 1279 1204 erant
1309 1159 1426 1204 redi-

61 1238 230 1273 »meret
252 1247 263 1281 3
286 1249 305 1268 ›>
340 1227 549 1273 continuo
583 1226 832 1285 subjunxit,
861 1248 881 1268 ε(
903 1227 959 1272 Ut
997 1227 1274 1290 adoptionem
1311 1229 1426 1273 filio-

59 1317 81 1338 »
100 1313 197 1342 rum
215 1297 546 1359 reciperemus33
570 1318 590 1337 »
607 1306 655 1342 ut
678 1296 879 1343 videlicet
893 1296 1025 1356 hujus
1035 1299 1216 1356 gratiam
1227 1298 1426 1344 beneficii

59 1365 318 1412 discerneret
338 1366 393 1412 ab
413 1365 486 1411 illa
506 1365 603 1411 Filii
623 1376 796 1420 natura,
816 1366 893 1429 qui
916 1367 1066 1412 missus
1085 1377 1147 1413 est
1166 1368 1316 1421 Filius,
1338 1385 1424 1413 non

58 1453 136 1499 per
159 1435 437 1499 adoptionem
468 1435 634 1491 factus,
677 1435 751 1481 sed
779 1453 948 1499 semper
980 1437 1146 1497 genitus
1189 1438 1348 1495 Filius,
1379 1450 1425 1484 ut

58 1506 320 1570 participata
349 1517 500 1552 natura
527 1505 716 1552 filiorum
745 1506 975 1552 hominum
1001 1507 1055 1553 ad
1074 1509 1424 1572 participandam

58 1576 185 1622 etiam
225 1593 345 1622 suam
376 1587 576 1621 naturam
619 1575 844 1639 adoptaret
878 1576 988 1622 filios
1022 1577 1265 1625 hominum.
1301 1579 1427 1635 Qua-

59 1657 241 1710 propter
263 1647 390 1692 etiam
410 1663 511 1693 cum
539 1646 709 1692 dixisset
729 1664 739 1691 ε
765 1668 784 1685 «
804 1647 934 1693 Dedit
955 1648 1013 1693 eis
1034 1660 1290 1711 potestatem
1317 1649 1427 1694 filios

64 1739 83 1759 n
101 1718 180 1763 Dei
200 1718 317 1773 fieri,
344 1739 364 1758 ›>
388 1716 654 1780 modumque
679 1716 939 1776 adjunxisset
971 1735 1025 1763 ne
1059 1719 1241 1764 carnalis
1267 1720 1428 1765 intelli-

63 1798 231 1847 geretur
252 1787 452 1833 nativitas
469 1823 479 1841 ,
513 1786 631 1849 quod
663 1786 826 1832 scilicet
847 1788 905 1833 eis
927 1787 972 1833 id
994 1789 1269 1851 praestiterit,
1296 1811 1316 1831 «
1340 1790 1428 1846 Qui

64 1879 86 1900 ›>
102 1856 288 1904 credunt
310 1857 353 1902 in
375 1856 548 1901 nomine
576 1859 693 1916 ejus,
718 1867 794 1902 »et
818 1874 895 1920 per
924 1858 1105 1917 gratiam
1144 1870 1429 1906 renascuntur

62 1926 302 1991 spiritalem
323 1964 332 1982 ‚
360 1927 500 1972 «Non
533 1943 578 1971 ex
611 1926 918 1986 sanguinibus,
954 1945 1093 1993 neque
1124 1946 1172 1975 ex
1210 1930 1432 1977 voluntate

66 2014 89 2039 η’
104 1998 209 2053 viri,
234 2013 372 2059 neque
399 2013 447 2042 ex
477 1995 702 2042 voluntate
733 1998 874 2043 carnis
892 2034 903 2053 ‚
940 1997 1012 2043 sed
1042 2015 1088 2044 ex
1115 2000 1204 2044 Deo
1240 2018 1250 2044 z
1289 2022 1309 2041 »
1334 2018 1429 2046 mox

64 2066 386 2113 commendavit
423 2067 547 2129 quasi
581 2066 713 2126 hujus
748 2067 1056 2114 vicissitudinis
1093 2082 1426 2118 sacramentum.

65 2138 294 2200 Tanquam
331 2137 446 2182 enim
477 2135 620 2181 mirati
656 2147 823 2182 tantum
860 2137 1027 2183 bonum
1063 2155 1148 2184 non
1183 2139 1435 2186 auderemus

66 2218 216 2270 optare
233 2244 244 2263 ‚
269 2207 413 2252 statim
439 2206 661 2265 subjunxit
677 2243 687 2256 ,
713 2229 731 2247 α
754 2208 810 2252 Et
840 2206 1032 2253 Verbum
1050 2224 1150 2254 caro
1170 2207 1331 2255 factum
1352 2222 1432 2264 est,

68 2299 88 2319 »
104 2288 146 2322 et
164 2277 380 2322 habitavit
400 2277 444 2321 in
466 2275 628 2332 nobis-4,
652 2276 804 2339 »quod
823 2294 957 2323 unum
978 2288 1039 2323 est
1057 2295 1102 2323 ex
1122 2279 1313 2342 quinque
1332 2280 1431 2336 illis,

65 2363 166 2409 quae
191 2346 271 2391 tibi
289 2345 445 2409 exponi
477 2345 676 2400 voluisti,
715 2357 922 2410 tanquam
958 2346 1150 2393 diceret:
1176 2350 1215 2395 O
1242 2350 1437 2396 homines

75 2416 207 2462 nolite
232 2415 457 2479 desperare
490 2431 567 2460 vos
599 2416 691 2461 fieri
725 2433 846 2479 posse
877 2416 988 2462 filios
1017 2418 1096 2463 Dei
1119 2436 1130 2463 :
1157 2419 1259 2482 quia
1283 2431 1324 2466 et
1347 2422 1438 2484 ipse

83 2486 214 2533 Filius
233 2487 312 2532 Dei
331 2523 341 2542 ‚
368 2486 456 2532 hoc
479 2496 564 2541 est,
585 2486 777 2533 Verbum
799 2488 876 2533 Dei
895 2504 995 2533 caro
1012 2487 1176 2534 factum
1194 2501 1278 2547 est,
1301 2503 1342 2537 et
1359 2493 1443 2538 ha-

119 2571 130 2591 ¹
149 2569 256 2604 Galat.
277 2579 320 2608 tv,
343 2576 374 2607 4.
394 2585 438 2592 --
457 2565 473 2589 2
489 2570 579 2600 Rom.
598 2580 629 2609 v,
652 2572 680 2600 5.
698 2587 738 2593 -
753 2567 766 2591 3
781 2570 882 2601 Galat.
900 2581 944 2612 iv,
963 2572 994 2603 5.
1013 2587 1057 2594 —
1078 2569 1091 2593 ⁴
1110 2573 1204 2605 Joan.
1230 2584 1256 2617 x,
1287 2585 1339 2606 η.
