1799 3251
368 285 463 341 434
779 296 813 324 s.
856 295 1098 324 sconsum
1135 295 1335 324 EPISCOPI

371 360 729 409 manducaverint
748 375 921 405 carnem
938 358 1016 404 filii
1039 358 1227 403 hominis
1245 395 1256 414 ,
1285 369 1326 404 et
1349 359 1541 405 biberint
1560 360 1737 420 sangui-

368 450 466 479 nem
510 436 601 492 ejus
618 468 628 487 ,
673 447 761 475 non
803 428 1033 474 habebunt
1070 429 1203 474 vitam
1239 429 1284 473 in
1320 429 1599 492 semetipsis1.
1650 431 1739 486 Qui

368 513 511 549 autem
536 502 651 547 hanc
680 500 737 545 eis
773 498 861 544 sine
887 498 1206 558 regeneratione
1233 497 1472 544 defendunt
1491 536 1501 551 ‚
1535 498 1739 545 videntur

364 574 475 619 mihi
497 573 642 636 ipsum
664 569 932 633 baptismum
953 568 1058 614 velle
1078 585 1240 614 cassare
1254 605 1265 624 ,
1283 585 1382 614 cum
1397 569 1641 632 praedicant
1657 569 1740 616 hos

364 643 552 697 habere,
579 640 697 706 quod
722 641 767 686 in
793 656 862 685 eos
887 638 1078 685 creditur
1102 639 1273 685 nonnisi
1300 639 1561 702 baptismate
1586 639 1740 686 conse-

362 714 562 760 rendum.
587 712 634 758 Si
651 728 751 771 ergo
767 710 878 756 nihil
896 709 1049 756 volunt
1063 710 1232 756 officere
1252 726 1340 755 non
1362 710 1554 767 renasci,
1576 710 1739 756 fatean—

366 796 435 831 tur
455 800 620 830 necesse
637 792 698 828 est
715 819 726 838 ,
748 797 826 827 nec
844 780 1175 840 regenerationis
1194 797 1313 825 sacra
1335 779 1496 826 fluenta
1513 780 1737 843 prodesse.

361 854 521 900 Verum
547 864 595 899 ut
619 851 937 915 superfluorum
961 850 1188 896 hominum
1223 866 1359 913 prava
1379 850 1578 896 doctrina
1613 850 1740 896 celeri

358 922 553 972 veritatis
576 924 711 987 possit
733 922 900 967 ratione
917 920 1129 976 discindi,
1148 921 1395 984 proclamat
1415 921 1502 967 hoc
1526 921 1740 967 Dominus

360 996 406 1041 in
429 994 660 1054 Evangelio
680 1031 691 1049 ,
715 993 862 1039 dicens
887 1010 897 1037 ε
921 1013 941 1033 «
964 992 1100 1038 Sinite
1123 991 1310 1038 infantes
1331 992 1475 1038 venire
1499 991 1553 1037 ad
1580 1009 1647 1038 me
1665 1029 1677 1048 ,
1700 1002 1742 1037 et

361 1088 382 1107 »
406 1066 538 1111 nolite
575 1082 644 1110 eos
683 1063 945 1127 prohibere,
989 1062 1139 1108 talium
1173 1072 1236 1108 est
1272 1062 1387 1108 enim
1425 1079 1604 1123 regnum
1645 1079 1742 1109 coe-

359 1158 380 1178 »
404 1135 547 1181 lorum
563 1135 596 1181 2.
630 1155 649 1175 »

423 1209 497 1254 Vl.
528 1229 548 1248 α
570 1207 714 1263 Quare
739 1205 963 1266 Pelagium
987 1204 1330 1267 Coelestiumque
1347 1242 1357 1261 ,
1394 1204 1438 1250 id
1463 1215 1549 1260 est,
1581 1203 1738 1250 inven-

360 1292 470 1326 tores
496 1294 655 1324 vocum
682 1294 910 1332 novarum,
937 1293 1054 1340 quae,
1075 1276 1189 1321 sicut
1202 1276 1308 1321 dixit
1327 1275 1572 1339 Apostolus,
1596 1274 1743 1320 aedifi-

359 1349 540 1396 cationis
560 1348 671 1393 nihil
692 1385 702 1404 ,
734 1347 806 1393 sed
830 1347 963 1407 magis
983 1346 1233 1393 vanissimas
1255 1356 1572 1392 consueverunt
1592 1362 1742 1406 parere

358 1419 666 1485 quaestiones-⁰³,
700 1418 991 1464 ecclesiastica
1015 1419 1320 1463 communione
1347 1417 1536 1480 privari,
1562 1426 1743 1479 aposto-

356 1492 429 1537 lici
456 1490 612 1550 vigoris
649 1490 907 1535 auctoritate
944 1505 1163 1535 censemus
1180 1526 1191 1545 ‚
1229 1488 1367 1534 donec
1400 1487 1653 1550 resipiscant
1690 1486 1744 1532 de

358 1562 524 1609 diaboli
543 1561 705 1624 laqueis
723 1598 733 1616 ,
771 1579 794 1606 a
818 1578 905 1624 quo
930 1560 1096 1624 captivi
1120 1569 1320 1605 tenentur
1339 1558 1579 1605 secundum
1602 1558 1739 1621 ipsius

356 1633 652 1689 voluntate1n3
683 1648 839 1695 eosque
869 1632 1043 1678 interim
1073 1630 1296 1676 dominico
1327 1629 1430 1675 ovili
1454 1646 1542 1675 non
1575 1629 1739 1692 recipi,

359 1703 477 1767 quod
509 1703 617 1766 ipsi,
656 1719 869 1765 perversae
899 1703 982 1747 viae
1005 1701 1139 1747 secuti
1165 1701 1382 1746 tramitem
1401 1737 1412 1756 ,
1440 1699 1631 1745 deserere
1657 1715 1740 1745 vo-

359 1776 548 1821 luerunt.
578 1773 875 1819 Abscindendi
897 1784 997 1819 sunt
1019 1772 1132 1817 enim
1164 1774 1239 1834 qui
1275 1789 1351 1817 vos
1374 1771 1644 1817 conturbant
1660 1806 1671 1826 ,
1699 1780 1742 1815 et

365 1846 517 1892 volunt
553 1855 800 1890 convertere
843 1842 1124 1903 Evangelium
1165 1842 1371 1888 Christi&
1413 1841 1554 1886 Simul
1596 1850 1742 1886 autem.

363 1915 648 1981 praecipimus
674 1925 721 1959 ut
745 1915 1012 1977 quicumque
1033 1912 1075 1957 id
1108 1913 1347 1975 pertinacia
1368 1911 1497 1957 simili
1523 1911 1745 1957 defensare

366 1988 584 2040 nituntur,
612 2003 691 2048 par
708 2002 776 2030 eos
796 1984 990 2031 vindicta
1015 1983 1297 2039 constringat.
1330 1983 1429 2028 Non
1453 1982 1596 2028 solum
1627 1981 1744 2027 enim

367 2058 444 2122 qui
475 2056 666 2110 faciunt,
697 2055 769 2101 sed
791 2056 920 2100 etiam
945 2054 1019 2117 qui
1045 2055 1318 2099 consentiunt
1344 2053 1603 2099 facientibus
1623 2051 1745 2111 digni

376 2139 476 2175 sunt
496 2126 686 2179 morte53
708 2125 810 2189 quia
843 2142 930 2170 non
957 2123 1148 2169 multum
1175 2124 1374 2170 interesse
1400 2123 1606 2177 arbitror,
1633 2121 1746 2168 inter

372 2196 685 2245 committentis
705 2196 896 2242 animum
914 2232 924 2250 ,
948 2194 1305 2240 etcousentientis
1321 2194 1527 2240 favorem.
1555 2191 1683 2239 Addo
1702 2203 1745 2238 et

375 2267 562 2332 amplius
585 2284 594 2312 ι
623 2266 888 2329 Plerumque
913 2263 1096 2310 dediscit
1121 2280 1261 2309 errare
1278 2300 1289 2319 ,
1315 2264 1385 2309 cui
1408 2280 1534 2309 nemo
1558 2279 1744 2308 consen-

376 2339 441 2385 tit.
472 2339 581 2383 Haec
603 2336 753 2397 igitur,
784 2335 935 2381 fratres
962 2334 1230 2390 charissimi,
1257 2334 1303 2379 in
1331 2350 1463 2397 supra
1485 2333 1625 2379 dictos
1647 2349 1746 2378 ma-

374 2418 473 2456 neat
491 2409 572 2453 fixa
592 2408 817 2462 sententia,
841 2405 983 2452 absint
1002 2405 1119 2450 atriis
1138 2405 1335 2460 Domini,
1351 2414 1525 2450 careant
1550 2402 1747 2450 custodia

374 2478 604 2544 pastorali,
632 2495 684 2523 ne
708 2478 896 2525 duarum
919 2477 1067 2525 ovium
1088 2476 1182 2522 dira
1200 2476 1398 2536 contagia
1420 2484 1593 2539 serpant
1616 2473 1747 2520 forsi-

418 2583 427 2602 ¹
444 2583 540 2613 Joan.
557 2590 606 2619 vx,
630 2580 683 2616 54.
704 2578 776 2604 ...2
793 2581 869 2612 Luc.
884 2589 978 2619 xviii,
1001 2578 1053 2611 16.
1074 2594 1118 2606 .-
1137 2574 1151 2599 ³
1166 2588 1183 2609 2
1199 2576 1285 2610 Tim.
1302 2587 1341 2617 u,
1359 2577 1463 2610 23.-—
1483 2571 1498 2597 ⁴
1513 2573 1620 2608 Galat.
1641 2584 1672 2614 ν,
1690 2583 1744 2608 12.

364 2654 409 2661 ’--
429 2635 440 2659 5
460 2639 556 2669 Rom.
581 2645 610 2674 1,
627 2638 680 2670 32.
