1799 3251
328 267 418 312 386
745 282 777 310 s.
824 281 1064 313 Attousnm
1099 282 1301 312 emscom

330 347 534 407 sacrilega
558 346 767 392 divisione
785 383 794 401 ‚
831 346 1204 410 importunitatem
1241 357 1401 394 nostrae
1426 347 1541 394 circa
1561 357 1600 393 te
1627 346 1698 393 di-

327 418 524 464 lectionis
541 417 704 462 diutius
725 417 943 464 sustinere.

393 489 448 535 X.
483 487 682 534 Attendis
706 487 818 533 enim
844 499 886 533 et
915 505 1030 552 saepe
1049 491 1206 552 repetis
1226 526 1235 544 ,
1263 491 1376 536 sicut
1397 488 1526 535 audio
1542 526 1552 545 ‚
1577 488 1695 552 quod

325 559 370 604 in
398 557 629 618 Evangelio
655 558 868 621 scriptum
893 569 983 614 est,
1023 560 1238 604 recessisse
1257 578 1278 605 a
1299 561 1490 606 Domino
1519 570 1698 622 septua-

325 629 443 688 ginta
473 628 729 692 discipulos,
755 639 797 673 et
823 628 1004 674 arbitrio
1030 646 1118 674 suae
1139 629 1264 674 malae
1290 630 1585 692 atqueimpiae
1604 629 1697 674 dis-

323 700 522 745 cessionis
539 699 668 745 fuisse
696 700 922 762 permissos
939 738 949 754 ‚
968 700 1220 763 caeterisque
1244 700 1473 746 duodecim
1493 737 1502 756 ‚
1531 699 1606 763 qui
1632 716 1694 744 rc-

324 782 596 824 manserant,
623 770 751 815 fuisse
782 788 1034 833 responsum
1056 809 1066 825 ‚
1097 793 1115 811 α
1134 771 1362 834 Numquid
1393 783 1434 816 et
1466 787 1541 816 vos
1564 769 1694 814 vultis

324 863 346 884 n
365 841 486 888 ire1.3
507 863 527 884 >2
563 843 620 887 Et
645 858 733 887 non
758 841 943 886 attendis
965 879 973 894 ,
1001 841 1101 904 quia
1137 852 1242 886 tunc
1279 842 1472 904 prinlum
1504 839 1696 886 Ecclesia

321 913 493 959 novello
528 913 718 973 germine
755 912 1037 975 pullulabat„
1079 912 1364 975 nondumque
1403 912 1449 957 in
1479 929 1526 957 ea
1557 910 1697 956 fuerat

323 984 541 1048 completa
567 984 640 1030 illa
662 982 897 1046 prophetia
918 1019 928 1037 ‚
954 1003 973 1022 α
995 983 1049 1026 {it
1068 981 1318 1026 adorabunt
1345 999 1443 1027 eum
1471 998 1618 1026 omnes
1635 996 1699 1025 rea

322 1076 343 1097 >)
364 1073 434 1114 ges
467 1066 617 1111 terrae,
646 1068 792 1098 omnes
826 1061 970 1109 gentes
1005 1050 1186 1095 servient
1211 1050 1317 1097 illi‘2.
1341 1072 1360 1092 ))
1387 1049 1519 1107 Quod
1549 1049 1700 1112 utique

321 1136 486 1187 quanto
528 1124 662 1183 magis
694 1121 931 1184 impletur,
972 1132 1095 1165 tanto
1132 1125 1292 1180 majore
1329 1123 1467 1167 utitur
1509 1119 1702 1165 Ecclesia

321 1205 558 1259 potestate,
588 1204 740 1239 utnon
768 1191 907 1237 solum
938 1190 1091 1236 invitet
1109 1228 1120 1245 ,
1152 1191 1224 1236 sed
1243 1192 1371 1236 etiam
1396 1200 1523 1250 cogat
1546 1189 1601 1236 ad
1618 1189 1703 1234 bo·-

321 1283 443 1312 num.
470 1266 566 1310 Hoc
586 1274 692 1309 tunc
714 1262 930 1308 Dominus
953 1261 1198 1319 significare
1225 1262 1408 1307 volebat
1426 1298 1437 1317 ,
1456 1262 1534 1325 qui
1552 1276 1703 1323 quam-

322 1338 386 1383 τίς
428 1337 610 1382 haberet
650 1350 851 1393 magnam
896 1343 1150 1395 potestatem
1169 1370 1178 1387 ‚
1226 1333 1350 1395 prius
1389 1343 1533 1378 tamen
1574 1329 1704 1390 elegit

327 1406 631 1453 commendare
649 1403 961 1449 humilitatem.
996 1402 1093 1446 Hoc
1119 1412 1161 1447 et
1183 1402 1228 1446 in
1255 1402 1329 1447 illa
1364 1400 1555 1447 convivii
1580 1398 1705 1445 simi-

327 1477 512 1524 litudine
538 1475 637 1521 satis
662 1473 882 1520 evidenter
909 1472 1123 1528 ostendit,
1149 1472 1227 1517 ubi
1251 1473 1367 1517 misit
1389 1471 1442 1517 ad
1470 1470 1674 1517 invitatos
1690 1505 1701 1526 ,

329 1560 371 1595 et
387 1548 530 1594 venire
548 1546 802 1599 noluerunt,
826 1555 865 1589 et
885 1544 943 1589 ait
970 1561 1116 1599 servo,
1138 1563 1160 1585 <c
1180 1544 1259 1589 Exi
1283 1545 1325 1588 in
1347 1543 1511 1607 plateas
1534 1552 1576 1587 et
1589 1541 1706 1588 vicos

333 1640 354 1662 ›>
373 1618 585 1673 civitatis,
624 1628 665 1662 et
693 1632 907 1679 pauperes
934 1625 975 1659 et
1010 1614 1173 1659 debiles
1207 1624 1250 1658 et
1277 1631 1422 1659 caecos
1445 1623 1487 1658 et
1519 1610 1709 1658 claudos

339 1689 580 1736 »introduc
618 1687 721 1732 huc.
754 1687 807 1730 Et
845 1685 901 1730 ait
944 1701 1089 1730 servus
1112 1684 1290 1729 domino
1310 1720 1320 1739 ‚
1366 1685 1547 1728 Factum
1574 1691 1637 1727 est
1661 1690 1710 1725 ut

340 1783 359 1802 n
383 1758 630 1823 imperasti,
655 1766 697 1802 et
721 1754 870 1801 adhuc
896 1753 1018 1799 locus
1045 1764 1121 1800 est.
1160 1754 1215 1798 Et
1245 1753 1304 1798 ait
1329 1752 1534 1798 dominus
1554 1767 1677 1796 servo
1695 1786 1705 1804 ‚

342 1853 363 1873 ))
386 1831 460 1875 lixi
484 1830 526 1874 in
549 1830 640 1874 vias
669 1838 711 1872 et
739 1843 857 1888 sepes
879 1862 888 1880 ‚
911 1835 952 1870 et
977 1823 1190 1887 compelle
1208 1824 1390 1877 intrare,
1412 1833 1460 1868 ut
1477 1821 1712 1885 impleatur

347 1903 537 1946 =domus
578 1898 715 1945 meass.
738 1918 757 1938 »
796 1896 901 1941 tide
937 1912 1056 1941 nunc
1104 1894 1477 1957 quemadmodum
1516 1892 1569 1938 de
1603 1891 1674 1936 his
1698 1927 1709 1946 ‚

344 1974 420 2035 qui
463 1970 585 2033 prius
616 1978 853 2021 venerunt,
901 1965 1068 2011 dictum
1113 1976 1174 2010 est
1193 2002 1203 2019 ‚
1243 1987 1262 2006 «
1284 1964 1497 2010 introduc
1535 1963 1625 2008 huc
1643 1998 1654 2018 ‚
1693 1982 1713 2002 >³

343 2061 433 2089 non
453 2043 620 2087 dictum
648 2049 732 2092 est,
765 2035 991 2098 compelle.
1024 2036 1089 2080 lta
1115 2035 1354 2094 significata
1383 2045 1483 2079 sunt
1510 2032 1716 2078 Ecclesiae

343 2110 584 2176 primordia
607 2108 661 2154 ad
682 2107 768 2152 hoc
789 2105 1019 2151 crescentis
1037 2141 1047 2159 ,
1079 2114 1126 2149 ut
1150 2115 1288 2149 essent
1311 2104 1420 2150 vires
1442 2104 1571 2149 etiam
1591 2119 1716 2147 com-

346 2180 553 2247 pellendi.
597 2176 787 2223 Proinde
823 2175 924 2239 quia
965 2175 1201 2237 oportebat
1237 2178 1327 2234 ejus
1354 2178 1445 2234 jam
1476 2173 1644 2220 viribus
1677 2181 1719 2216 et

347 2250 647 2314 magnitudine
666 2247 872 2293 roborata
899 2246 1027 2290 etiam
1047 2244 1250 2307 compelli
1275 2245 1472 2290 homines
1491 2243 1545 2289 ad
1565 2242 1719 2288 convi-

348 2326 469 2372 vium
491 2320 638 2368 salutis
658 2329 831 2365 eeternae
849 2355 860 2373 ‚
883 2327 1165 2380 posteaquam
1192 2315 1360 2361 dictum
1382 2326 1472 2370 est,
1497 2335 1517 2356 «
1540 2316 1719 2359 Factum

352 2420 373 2439 »
397 2406 458 2442 est
479 2392 600 2458 quod
618 2389 780 2451 jussisti
801 2426 811 2444 ,
835 2399 875 2434 et
898 2387 1042 2433 adhuc
1067 2397 1126 2432 est
1155 2385 1276 2432 locus
1301 2407 1311 2440 ;
1345 2387 1420 2432 Exi
1439 2424 1448 2441 ‚
1485 2384 1652 2447 inquit,
1675 2383 1721 2428 in

352 2489 375 2512 5>
397 2468 488 2513 vias
508 2474 549 2509 et
573 2478 692 2525 sepes
709 2498 719 2516 ‚
737 2470 776 2505 et
796 2458 1006 2522 compelle
1031 2458 1203 2503 intrare.
1227 2479 1246 2498 >2
1272 2458 1552 2520 Quapropter
1570 2455 1603 2500 si
1624 2471 1721 2499 am-

352 2535 564 2587 bularetis
587 2533 724 2597 quieti
756 2542 872 2576 extra
907 2531 990 2575 hoc
1029 2528 1276 2575 convivium
1310 2529 1456 2574 salutis
1484 2538 1656 2572 feternae
1682 2534 1722 2569 et

398 2622 409 2644 ι
425 2623 585 2659 Joan.v1‚
607 2617 662 2647 68.
679 2633 713 2639 ——
736 2613 751 2635 2
771 2613 855 2647 P>al.
875 2623 968 2650 mast,
984 2621 1003 2662 =1
1017 2622 1044 2646 ι,
1069 2630 1107 2635 -—
1125 2609 1136 2631 ²7
1153 2613 1215 2640 Luc
1246 2623 1313 2647 xx,
1333 2621 1385 2642 ῃ.
