1799 3251
315 285 407 332 336
731 301 764 329 s.
810 299 1051 329 [incusum
1087 297 1292 329 Erimon

316 382 412 411 mus
434 363 614 410 edissere
630 399 640 418 ‚
671 363 704 408 si
728 363 871 426 poenis
896 363 1023 408 tantis
1046 362 1167 408 nulla
1192 362 1238 407 in
1262 361 1320 407 eis
1343 371 1443 408 sunt
1463 361 1683 425 punienda

313 444 509 498 peccata.
540 433 650 477 Nam
685 432 834 496 utique
858 432 978 478 nulla
1007 442 1068 478 est
1100 432 1146 477 in
1183 430 1269 476 illis
1301 432 1503 478 aetatibus
1521 432 1684 478 exami-

315 503 459 551 nanda
478 503 660 563 justitia.

379 573 522 620 XVII.
553 575 617 618 De
641 572 910 632 ingeniorum
939 588 1038 616 vero
1069 570 1336 625 diversitate,
1367 570 1455 617 imo
1481 571 1686 618 absurdi-

317 653 426 698 tate,
452 642 561 705 quid
586 642 758 695 dicam3
780 658 880 705 quae
908 640 1084 704 quidem
1107 641 1151 686 in
1177 640 1370 703 parvulis
1383 640 1485 687 latet
1501 678 1511 696 ,
1535 641 1607 687 sed
1630 641 1686 687 ab

316 713 419 777 ipsis
444 712 625 758 exordiis
650 711 923 757 naturalibus
949 711 1102 767 ducta,
1137 721 1319 774 apparet
1347 710 1391 755 in
1416 711 1654 771 grandibus
1673 747 1684 767 ‚

316 800 504 847 quorum
529 782 727 828 nonnulli
753 793 838 827 tam
861 781 973 827 tardi
993 792 1034 826 et
1051 780 1251 826 obliviosi
1272 791 1389 836 sunt,
1411 791 1460 826 ut
1475 799 1528 827 ne
1547 782 1689 845 prima

316 853 494 917 quidem
523 853 685 899 discere
717 853 958 898 litterarum
993 852 1199 897 elementa
1224 852 1448 915 potuerint
1473 869 1482 896 :
1509 852 1690 915 quidam

313 940 414 970 vero
448 934 580 969 tantae
615 934 714 968 sunt
745 923 982 978 fatuitatis,
1021 933 1068 967 ut
1098 939 1184 967 non
1205 922 1394 967 multum
1417 922 1690 985 apecoribus

316 994 517 1039 differant
539 1014 550 1047 ς
590 1010 698 1056 quos
737 993 948 1038 moriones
987 993 1118 1052 vulgo
1156 1003 1329 1038 vocant.
1382 991 1693 1055 Respondetur

315 1063 492 1108 fortasse
513 1100 522 1118 ‚
550 1080 733 1125 corpora
760 1063 843 1107 hoc
868 1062 1052 1108 faciunt.
1085 1061 1169 1107 Sed
1206 1061 1421 1124 numquid
1452 1061 1693 1108 secundum

313 1133 428 1178 hanc
462 1133 740 1184 sententiam,
779 1148 911 1195 quam
949 1131 1120 1176 defendi
1156 1131 1385 1186 volumus,
1427 1131 1569 1176 anima
1609 1131 1693 1177 sibi

315 1219 474 1264 corpus
493 1202 619 1261 elegit
637 1238 647 1256 ‚
675 1212 715 1246 et
738 1201 782 1246 in
804 1201 1001 1260 eligendo
1023 1217 1122 1246 cum
1146 1200 1382 1256 falleretur,
1405 1203 1598 1247 erravit?
1619 1211 1694 1246 aut

316 1289 414 1319 cum
451 1273 494 1317 in
527 1289 688 1335 corpus
723 1283 946 1331 cogeretur
982 1272 1142 1317 intrare
1174 1272 1421 1317 necessitate
1450 1270 1688 1327 nascendi,

315 1343 396 1389 alia
426 1359 609 1405 corpora
647 1342 1067 1405 praeoccupantibus
1104 1342 1349 1386 animarum
1389 1341 1555 1395 turbis,
1599 1342 1694 1403 ipsa

314 1412 433 1458 aliud
462 1429 548 1457 non
572 1411 761 1466 invenit,
794 1422 834 1456 et
859 1413 969 1457 sicut
993 1411 1037 1456 in
1069 1411 1317 1474 spectaculo
1343 1411 1490 1474 aliquo
1514 1411 1660 1457 locum
1676 1447 1686 1467 ‚

313 1482 374 1528 ita
392 1498 563 1527 carnem
590 1498 678 1526 non
700 1497 830 1543 quam
855 1481 1018 1536 voluit,
1050 1480 1120 1526 sed
1145 1497 1277 1544 quam
1300 1480 1437 1526 valuit
1454 1517 1464 1536 ,
1492 1497 1691 1543 occupa-

314 1552 413 1598 vit?
449 1551 679 1614 Numquid
719 1551 817 1596 haec
854 1563 896 1596 et
930 1551 1032 1597 talia
1066 1551 1133 1597 vel
1163 1551 1305 1596 dicere
1342 1568 1598 1614 possumus,
1623 1551 1690 1598 vel

313 1621 468 1667 sentire
494 1620 702 1665 debemus
722 1623 739 1665 Ξ)
772 1621 889 1666 Doce
920 1622 1052 1681 igitur
1073 1621 1181 1684 quid
1205 1621 1361 1666 sentire
1379 1658 1390 1677 ,
1417 1620 1524 1684 quid
1545 1620 1691 1667 dicere

312 1691 570 1746 debeamus,
604 1701 652 1736 ut
695 1701 863 1736 constet
897 1692 1022 1737 nobis
1056 1692 1166 1737 ratio
1207 1708 1416 1737 novarum
1444 1691 1688 1737 animarum

313 1761 651 1823 singillatimque
674 1760 887 1806 factarum
913 1761 1090 1821 singulis
1112 1761 1390 1824 corporibus.

378 1831 543 1877 XVIII.
575 1832 665 1890 Ego
695 1830 871 1893 quidem
905 1848 992 1876 non
1024 1831 1078 1876 de
1110 1830 1316 1890 ingeniiS‚
1356 1830 1429 1876 sed
1453 1830 1602 1876 saltem
1636 1829 1690 1876 de

311 1900 454 1964 poenis
475 1900 756 1962 parvulorum
773 1936 783 1954 ,
806 1917 912 1963 quas
933 1901 977 1946 in
995 1901 1079 1946 hac
1103 1902 1190 1948 vita
1216 1901 1467 1964 patiuntur,
1495 1900 1581 1945 dixi
1605 1899 1689 1947 ali-

312 1970 419 2034 quid
450 1971 494 2015 in
517 1969 640 2015 libris
663 1969 746 2014 illis
778 1969 836 2014 (le
860 1971 1028 2015 Libero
1052 1970 1262 2017 arbitrio,
1296 1969 1427 2027 Quod
1451 1969 1579 2033 quale
1603 1971 1685 2027 sit,

311 2052 353 2087 et
386 2057 465 2086 cur
488 2039 598 2084 mihi
622 2041 666 2084 in
693 2040 772 2084 ista
791 2076 802 2096 ‚
843 2057 975 2102 quam
1000 2040 1216 2086 habemus
1241 2040 1286 2085 in
1318 2040 1519 2086 manibus
1540 2057 1687 2103 quaes-

310 2111 427 2157 tione
444 2147 454 2165 ‚
490 2125 579 2154 non
601 2108 785 2154 sufficiat
801 2146 811 2164 ‚
842 2109 1056 2154 intimabo
1075 2145 1086 2162 ‚
1113 2120 1154 2154 et
1177 2126 1276 2154 eum
1309 2109 1452 2172 ipsum
1482 2108 1536 2154 de
1561 2110 1687 2155 tertio

309 2181 424 2227 libro
447 2179 592 2224 locum
627 2189 873 2240 excerptum
909 2178 977 2223 his
1009 2178 1160 2224 litteris
1185 2179 1370 2224 inseram
1393 2215 1404 2234 ,
1433 2195 1530 2224 nam
1556 2179 1614 2225 ita
1646 2196 1688 2225 se

311 2249 510 2297 habet1:
540 2249 637 2310 [De
676 2249 944 2295 cruciatibus
985 2260 1126 2295 autem
1162 2250 1359 2312 corporis
1391 2249 1554 2311 quibus
1577 2249 1687 2295 affli-

310 2331 473 2383 guntur
498 2318 668 2381 parvuli
689 2355 700 2373 ‚
728 2335 914 2381 quorum
937 2336 1015 2382 per
1039 2330 1209 2365 aetatem
1229 2318 1349 2364 nulla
1370 2329 1548 2381 peccata
1563 2329 1681 2374 sunt,

309 2392 342 2438 si
361 2389 517 2436 animae
537 2388 698 2450 quibus
717 2388 980 2444 animantur,
1001 2406 1089 2434 non
1108 2389 1364 2452 priusquam
1383 2388 1467 2450 ipsi
1487 2388 1685 2435 homines

307 2478 393 2508 esse
418 2468 675 2521 coeperunt,
701 2461 839 2517 major
854 2458 1029 2522 querela
1048 2469 1089 2504 et
1110 2459 1234 2523 quasi
1259 2459 1500 2505 misericors
1521 2458 1683 2522 deponi

305 2532 434 2585 solet,
463 2545 564 2574 cum
588 2527 769 2582 dicitur,
793 2527 911 2585 Quid
939 2529 1039 2575 mali
1060 2528 1279 2586 fecerunt,
1303 2540 1351 2576 ut
1371 2529 1449 2576 ista
1475 2539 1682 2593 pateren-

348 2614 357 2636 ί
381 2611 450 2644 Lib.
470 2613 500 2643 3.
518 2612 615 2642 112}
636 2620 665 2641 n.
687 2611 743 2648 67.
