1799 3251
343 274 375 332 4
763 290 796 319 s.
842 287 1083 319 Accusrmr
1117 287 1319 318 EP1scor1

343 353 464 408 fessi;
492 353 578 399 sive
600 353 772 399 illorum
804 353 878 415 qui
897 369 938 398 se
965 352 1038 398 illa
1062 352 1167 397 scire
1185 352 1392 414 potuisse,
1418 349 1615 416 quamvis
1627 347 1712 395 sibi

345 422 537 470 dicerent
574 421 799 486 displicere
815 460 826 479 ,
865 439 1016 481 negare
1048 439 1135 467 nen
1172 424 1259 467 ausi
1296 433 1395 467 sunt
1415 459 1424 475 ‚
1458 420 1713 480 refugientes

344 492 603 538 catholicam
638 509 808 555 pacem,
839 492 953 537 velut
978 510 1030 537 ne
1054 492 1309 537 criminibus
1332 491 1585 555 polluantur
1608 488 1712 534 alie-

343 563 423 616 nis,
448 574 487 608 et
509 563 554 608 in
573 562 648 608 illo
673 563 916 612 schismatis
939 562 1159 621 sacrilegio
1178 563 1290 607 inter
1304 561 1606 607 sceleratorum
1627 570 1712 604 tam

341 632 596 677 immanium
620 643 781 677 tantam
802 631 1126 677 multitudinem
1143 631 1454 693 perdurantes3
1481 630 1566 675 sive
1586 629 1712 674 etiam

340 700 514 746 illorum
537 701 612 763 qui
631 718 671 746 se
685 700 785 745 inde
806 718 892 745 non
912 718 1146 749 recessuros
1167 702 1296 746 etiam
1315 700 1607 747 demonstrata
1625 696 1710 742 sibi

343 770 559 816 catholica
580 771 756 817 veritate
775 782 815 816 et
847 772 1172 817 Donatistarum
1195 770 1472 833 perversitate
1496 768 1708 813 dixerunt.

344 841 440 885 Non
462 851 523 885 est
547 840 636 886 leve
651 841 768 904 quod
787 843 900 886 Deus
925 842 991 899 agi
1008 841 1147 886 voluit
1164 858 1240 903 per
1261 857 1434 903 operam
1462 850 1596 884 tuam.
1623 836 1715 881 Uti-

342 927 441 954 nam
479 909 581 954 tales
601 927 750 955 eorum
779 927 926 955 causas
952 911 1126 955 crebras
1166 910 1226 954 sic
1266 909 1432 964 audias,
1456 919 1497 953 ct
1520 907 1716 952 facinora

338 995 488 1024 eorum
535 989 662 1041 atque
699 980 846 1024 insana
877 980 1114 1041 pertinacia
1138 979 1196 1023 sic
1229 995 1343 1041 saepe
1374 978 1613 1042 prodatur,
1641 992 1716 1020 ea-

341 1048 524 1111 demque
548 1049 772 1111 publicata
790 1050 915 1094 Gesta
930 1050 972 1094 in
987 1049 1181 1094 omnium
1202 1049 1399 1093 notitiam
1419 1046 1707 1111 perferantur.

343 1118 474 1174 Quod
499 1129 640 1162 autem
662 1119 833 1180 scripsit
857 1119 1070 1163 eximietas
1094 1129 1168 1163 tua
1190 1117 1394 1164 dubitare
1415 1128 1471 1169 te,
1500 1126 1649 1162 utrum
1669 1115 1714 1159 in

344 1187 620 1250 Theoprepia
645 1187 801 1232 debeas
844 1187 992 1233 eadem
1033 1189 1162 1233 Gesta
1181 1188 1336 1246 jubere
1360 1186 1568 1250 proponi,
1598 1185 1673 1230 fiat
1686 1183 1720 1228 si

342 1266 482 1318 potest
504 1256 608 1301 illuc
628 1255 827 1319 frequens
855 1258 1073 1302 confluere
1106 1256 1370 1313 multitudo;
1397 1255 1590 1319 alioquin
1613 1252 1721 1299 alius

341 1325 463 1370 locus
491 1326 699 1371 celebrior
736 1327 1032 1389 providendus
1057 1337 1118 1372 est
1140 1344 1149 1372 ε
1181 1343 1269 1372 non
1295 1337 1437 1372 tamen
1463 1325 1554 1371 ullo
1586 1322 1721 1369 modo

344 1395 782 1458 praetermittendum.

413 1466 470 1510 ΙΙ.
500 1466 639 1510 Poena
666 1483 762 1511 sane
787 1466 978 1518 illorum,
1005 1467 1204 1529 quamvis
1231 1466 1284 1512 de
1310 1467 1443 1511 tantis
1483 1463 1721 1511 sceleribus

347 1534 658 1589 confessorum7
681 1552 784 1594 rogo
807 1547 845 1581 te
870 1546 916 1581 ut
938 1548 1096 1598 praeter
1120 1537 1388 1599 supplicium
1421 1535 1571 1580 mortis
1588 1533 1659 1588 sit,
1682 1542 1724 1578 et

349 1614 530 1667 propter
567 1605 874 1650 conscientiam
914 1617 1135 1663 nostram,
1172 1617 1212 1651 et
1245 1617 1424 1670 propter
1459 1603 1725 1651 catholicam

351 1673 720 1719 mansuetudinem
746 1676 1154 1723 commendandam.
1204 1678 1302 1739 Ipse
1328 1676 1441 1721 enim
1469 1676 1638 1721 fructus
1671 1671 1726 1718 ad

353 1759 430 1787 nos
459 1743 654 1804 pervenit
683 1743 959 1789 confessionis
990 1745 1180 1800 illorum,
1216 1746 1318 1808 quia
1344 1745 1509 1790 invenit
1534 1741 1727 1789 Ecclesia

355 1811 569 1857 catholica
586 1813 661 1857 ubi
676 1830 793 1858 suam
811 1832 906 1873 erga
929 1816 1424 1861 atrocissimosinimicos
1444 1824 1580 1861 servet
1599 1823 1728 1876 atque

357 1882 554 1927 exhibeat
569 1882 803 1930 lenitatem.
829 1886 880 1929 In
901 1895 1017 1930 tanta
1036 1889 1201 1950 quippe
1225 1886 1483 1931 crudelitate
1505 1899 1728 1948 quaecum-

343 1965 441 2015 'que
459 1962 617 2014 praeter
639 1954 887 2013 sanguinem
901 1955 1094 2001 vindicta
1113 1956 1383 2018 processerit,
1406 1972 1562 2014 magna
1577 1953 1729 1999 lenitas

362 2023 604 2084 apparebit.
638 2022 768 2078 Quod
789 2025 865 2069 etsi
889 2024 1018 2070 modo
1048 2025 1313 2088 quibusdam
1335 2025 1492 2071 nostris
1514 2023 1586 2069 illa
1610 2033 1729 2069 atro-

361 2092 490 2137 citate
507 2095 731 2138 commotis
753 2094 924 2139 videtur
947 2095 1191 2154 indignum,
1223 2108 1263 2141 et
1289 2096 1409 2158 quasi
1433 2091 1727 2140 dissolutionis

362 2172 402 2206 et
425 2161 691 2221 negligentiae
728 2164 888 2217 simile;
928 2165 1148 2210 transactis
1175 2176 1314 2210 tamen
1346 2165 1536 2209 motibus
1561 2163 1732 2209 animo-

342 2239 346 2242 ’
365 2248 479 2286 rum,
508 2232 903 2293 quirecentioribus
925 2233 1048 2279 factis
1065 2235 1200 2279 solent
1227 2234 1520 2279 turbulentius
1540 2231 1730 2286 excitari,

365 2300 527 2359 egregie
543 2299 762 2346 luculenta
781 2302 953 2347 bonitas
973 2304 1216 2365 apparebit,
1253 2315 1293 2349 ct
1323 2304 1380 2348 ob
1400 2303 1485 2348 hoc
1506 2302 1639 2362 magis
1658 2318 1733 2346 ea·—

369 2369 464 2415 dem
501 2370 628 2415 Gesta
666 2370 801 2431 legere
839 2383 965 2436 atque
1008 2372 1228 2418 ostendere
1257 2372 1507 2428 delectabit,
1550 2370 1736 2418 Domine

368 2439 520 2484 merito
538 2439 712 2499 insignis
734 2442 1005 2505 multumque
1019 2442 1269 2488 charissime
1286 2460 1334 2488 ac
1348 2441 1735 2488 desiderantissime

370 2508 446 2554 fili.
478 2508 547 2553 Ibi
563 2519 624 2553 est
638 2520 808 2555 sanctus
822 2510 954 2556 frater
970 2522 1011 2557 et
1021 2512 1310 2574 coepiscopus
1326 2529 1446 2557 meus
1461 2510 1728 2566 Bonifacius,

369 2589 410 2624 et
432 2595 510 2641 per
524 2577 755 2625 diaconum
778 2582 1073 2641 Peregrinum,
1097 2582 1171 2645 qui
1195 2599 1293 2627 cum
1311 2582 1385 2627 illo
1400 2581 1598 2645 perrexit,
1615 2596 1734 2626 com-
