1799 3251
563 266 774 297 r-,Prsrota
811 265 940 296 crvn.
1369 269 1392 299 2
1406 253 1467 300 63

91 346 309 399 neantque
331 333 448 398 quod
491 333 703 395 scriptum
724 342 784 377 est
803 350 813 376 :
850 353 870 372 «
892 333 979 389 Qui
1011 333 1279 380 invocaverit
1301 351 1459 382 nomen

94 427 115 448 >2
138 406 334 461 Domini,
354 404 496 451 salvus
523 403 603 449 erit
623 402 655 449 ¹.
686 423 708 443 2>

157 476 326 522 XXIII.
372 472 641 537 Respondet
668 470 737 517 ad
755 475 1059 535 quaestionem
1096 474 1156 519 de
1184 473 1468 520 abdicandis

79 544 410 606 facultatibus.
431 573 495 578 —
519 542 635 589 Audi
652 545 743 601 jam
768 558 909 604 pauca
930 542 982 588 de
1013 543 1243 599 divitibus,
1280 544 1398 607 quod
1423 544 1468 590 in

95 614 275 679 epistola
295 626 369 660 tua
385 614 577 676 sequitur
599 611 927 675 inquirendum.
956 613 1050 658 Hoc
1069 613 1184 658 enim
1207 614 1390 676 posuisti
1412 613 1467 660 il-

96 686 159 732 los
176 684 320 730 dicere
347 703 394 730 2«
410 684 598 730 Divitem
621 693 863 728 manentem
883 683 927 727 in
951 682 1114 727 divitiis
1148 684 1250 737 51115,
1294 699 1473 744 regnum

99 776 121 798 »
140 755 220 802 Dei
250 771 338 800 non
362 770 489 817 posse
513 752 697 813 ingredi,
740 752 821 797 nisi
843 753 988 798 omnia
1008 769 1083 798 sua
1108 752 1369 808 vendiderit,
1397 769 1478 799 nec

99 846 121 866 »
139 824 178 870 ei
191 821 392 887 prodesse
413 823 446 869 si
458 823 568 869 forte
583 840 629 868 ex
643 822 746 885 ipsis
760 822 922 868 divitiis
939 822 1143 868 mandata
1155 821 1315 870 fecerit.
1334 844 1355 864 »
1372 824 1480 869 Eva-

100 904 247 940 serunt
283 893 464 939 istorum
495 893 812 955 disputationes
837 902 982 954 patres
1021 892 1158 937 nostri
1194 892 1418 938 Abraham
1437 902 1481 937 et

102 965 222 1009 Isaac
232 974 274 1009 et
291 964 448 1016 Jacob,
467 963 544 1026 qui
564 972 683 1007 tanto
705 972 802 1007 ante
829 978 874 1007 ex
895 962 979 1007 hac
999 962 1087 1007 vita
1109 963 1365 1022 migrarunt.
1391 961 1481 1007 Ha·

101 1034 267 1079 bebant
299 1033 465 1097 quippe
479 1034 526 1078 hi
547 1049 693 1078 omnes
719 1049 807 1077 non
833 1048 994 1095 paucas
1017 1031 1206 1087 divitias,
1237 1031 1350 1077 sicut
1368 1032 1479 1077 fide-

102 1105 262 1151 lissima
300 1106 528 1168 Scriptura
568 1114 772 1149 testatur:
813 1103 974 1148 multos
1007 1114 1146 1148 tamen
1181 1112 1384 1148 venturos
1402 1103 1485 1148 ab·

106 1175 286 1221 Oriente
299 1186 341 1220 et
363 1175 622 1224 Occidente.
644 1184 684 1219 et
708 1191 794 1219 non
815 1190 945 1236 supra
964 1174 1097 1237 ipsos,
1127 1172 1195 1218 vel
1221 1184 1336 1218 extra
1353 1173 1484 1236 ipsos.

104 1246 177 1292 sed
202 1263 302 1292 eum
335 1245 439 1309 ipsis
460 1245 766 1291 recubituros
756 1262 800 1290 111
824 1262 954 1305 regno
995 1244 1210 1290 coelorum
1236 1244 1253 1272 ²
1262 1243 1403 1299 ‚ille
1390 1259 1482 1307 lpse

107 1333 183 1380 qul
196 1325 378 1379 propter
394 1332 470 1360 nos
493 1317 633 1360 iactus
657 1325 719 1360 est
742 1331 910 1377 pauper
934 1331 1035 1360 cum
1075 1331 1172 1360 vere
1212 1313 1331 1359 dives
1358 1322 1479 1368 esset,

106 1386 376 1432 veracissima
399 1385 681 1447 promissione
714 1384 932 1447 praedixit.
961 1385 1013 1429 Et
1041 1384 1240 1447 quamvis
1267 1383 1484 1446 superbus

110 1456 245 1512 dives,
269 1456 345 1519 qui
368 1454 634 1500 induebatur
664 1470 863 1517 purpura
897 1464 940 1499 et
975 1455 1034 1516 b)
1039 1470 1121 1509 550,
1149 1463 1190 1498 et
1222 1453 1486 1516 epulabatur

110 1526 305 1591 quotidie
328 1525 553 1589 splendide
572 1525 607 1580 3,
638 1536 833 1589 mortuus
854 1524 972 1587 apud
994 1524 1152 1570 inferos
1175 1533 1448 1587 torqueretur
1474 1540 1484 1568 :

114 1609 256 1643 tamen
278 1596 310 1641 si
336 1596 540 1660 pauperis
574 1595 775 1650 ulcerosi,
802 1596 880 1659 qui
905 1606 1004 1640 ante
1041 1598 1225 1656 januam
1257 1611 1347 1654 cJus
1382 1611 1492 1640 con-

113 1667 490 1732 temptusjacebat
509 1667 729 1712 miseratus
750 1665 912 1720 suisset,
937 1676 1172 1711 mereretur
1193 1676 1233 1710 et
1253 1666 1345 1728 ipse
1362 1665 1492 1710 mise-

114 1739 363 1786 ricordiam.
393 1739 448 1782 Et
473 1737 707 1800 sipauperi
744 1736 806 1782 illi
845 1736 1047 1781 meritum
1087 1743 1191 1780 essct
1218 1735 1368 1797 inopia
1406 1750 1493 1779 non

112 1809 296 1871 justitia,
314 1825 403 1853 non
421 1807 570 1870 utique
597 1808 651 1852 ab
676 1806 849 1867 Angelis
877 1806 920 1851 in
945 1805 1139 1851 Abrahae
1166 1806 1395 1864 gremium,
1421 1803 1497 1867 qui

119 1881 236 1926 dives
254 1879 327 1925 hic
345 1878 499 1935 fuerat,
522 1877 754 1923 tolleretur.
779 1876 863 1921 Sed
885 1887 932 1921 ut
950 1876 1076 1921 nobis
1094 1875 1404 1932 ostenderetur,
1419 1890 1500 1920 nec

119 1952 164 1997 in
182 1951 263 1996 isto
299 1958 598 2012 paupertatem
626 1964 769 2010 perse
796 1947 934 2009 ipsam
970 1946 1181 1991 divinitus
1215 1945 1495 2000 honoratam,

122 2038 201 2067 nec
219 2019 352 2066 inillo
378 2019 549 2064 divitias
577 2017 705 2063 fuisse
726 2016 974 2072 damnatas;
998 2015 1070 2060 sed
1099 2015 1141 2060 in
1172 2015 1252 2060 isto
1276 2015 1497 2077 pietatem,

123 2093 168 2138 in
197 2090 555 2152 illoimpietatem
579 2105 677 2133 suos
701 2088 835 2132 exitus
855 2087 1089 2131 habuisse.
1119 2086 1178 2130 sic
1205 2102 1272 2130 sus
1279 2085 1401 2148 cepit
1419 2085 1505 2130 im-

125 2161 248 2237 pium
271 2158 450 2205 divitem
475 2157 692 2203 cruciatus
715 2155 843 2215 ignis,
866 2167 913 2201 ut
949 2167 1090 2200 tamen
1117 2155 1238 2217 pium
1265 2170 1502 2217 pauperem

127 2230 360 2292 susciperet
391 2229 508 2273 sinus
529 2227 687 2273 divitis.
723 2227 812 2282 Qui
833 2243 930 2271 sane
954 2242 1052 2270 cum
1085 2225 1155 2270 hic
1178 2224 1296 2270 dives
1316 2225 1387 2270 viv
1391 2235 1497 2280 eret,

129 2300 301 2346 divitias
337 2299 395 2342 sic
414 2297 626 2352 habebat,
648 2307 690 2342 et
713 2313 780 2342 eas
812 2312 905 2359 prae
927 2296 1002 2340 Dei
1025 2294 1255 2357 praeceptis
1273 2304 1359 2338 tam
1381 2295 1505 2357 parvi

129 2370 366 2436 pendebat,
396 2379 445 2413 ut
465 2368 593 2413 etiam
613 2334 749 2430 ipsius
775 2367 852 2412 filii
879 2366 1174 2412 immolatione
1201 2364 1333 2410 nollet
1369 2365 1509 2411 offen-

133 2442 232 2488 dere
255 2439 654 2498 Deumjubentem,
681 2455 809 2500 quem
833 2453 1010 2483 suarum
1041 2436 1313 2492 divitiarum,
1340 2446 1381 2481 et
1405 2453 1509 2500 spe-

133 2511 260 2557 rabat
274 2520 314 2555 et
339 2509 520 2572 optabat
539 2507 759 2554 haeredem
780 2508 813 2555 4.

186 2594 292 2624 ¹J0e'1.
311 2604 349 2635 11,
373 2594 481 2623 32.—-
498 2590 513 2613 2
529 2589 644 2624 Matth.
665 2603 737 2631 1111,
754 2602 805 2626 11.
824 2608 869 2616 —
887 2588 900 2613 3
916 2593 992 2623 Luc.
1006 2601 1075 2627 xvi,
1095 2600 1148 2621 22.
1165 2608 1207 2614 —
1224 2587 1238 2612 ⁴
1258 2592 1339 2622 Gen.
1358 2598 1436 2630 xxix,
1457 2601 1509 2625 ro.
