1799 3251
540 314 749 345 ErisroLA
784 316 1009 347 chxxvu.
1364 305 1457 368 529

91 392 183 427 tum
200 418 210 437 ‚
238 391 419 427 vocatur
441 379 575 426 Filius
599 380 694 427 Dei.
739 380 1001 443 Nuptiarum
1035 382 1147 427 enim
1181 383 1346 430 bouum
1370 404 1457 432 non

88 452 318 512 extinguit,
343 451 416 497 sed
439 451 663 497 modificat
688 451 1031 497 inobedientium
1057 454 1351 501 membrorum
1371 474 1458 502 ma-

87 522 180 567 lum
195 559 205 576 ‚
234 532 281 567 ut
301 521 486 567 limitata
506 520 696 584 quodam
723 520 854 565 modo
872 521 1224 582 concupiscentia
1247 526 1430 571 carnalis
1445 562 1457 584 ,

87 593 164 637 fiat
197 592 346 638 saltem
376 592 588 655 pudicitia
608 590 860 650 conjugalis.
893 591 1023 650 Virgo
1055 604 1197 638 autem
1224 596 1361 641 Maria
1387 597 1459 642 cui

87 661 254 707 dictum
275 671 367 707 est:
393 683 411 702 «
435 662 490 706 Et
512 661 647 706 virtus
672 659 879 705 Altissimi
902 661 1189 708 obumbrabit
1222 666 1329 720 tibi,
1366 687 1386 707 »
1414 667 1459 711 in

86 742 278 776 sanctam
299 730 588 793 concipiendo
619 729 786 794 prolem
801 766 811 783 ‚
833 730 916 775 sub
939 730 1013 775 tali
1047 733 1305 780 umbraculo
1338 736 1458 781 nullo

87 801 237 846 ardore
255 801 622 863 concupiscentiae
646 800 779 859 hujus
805 802 1017 846 aestuavit.
1044 801 1139 847 Hoc
1168 820 1267 863 ergo
1286 818 1463 869 excepto

85 871 231 934 lapide
246 870 460 931 angulari,
481 888 569 916 non
585 870 712 915 video
735 870 961 933 quomodo
980 870 1254 919 aedificentur
1272 874 1466 922 homines

85 942 129 987 in
154 942 334 988 domum
360 942 435 986 Dei
458 941 512 986 ad
538 940 798 986 habendum
821 942 864 985 in
891 958 932 985 se
951 941 1271 989 inhabitantem
1302 946 1458 1003 Deum,

86 1013 166 1057 nisi
187 1029 286 1057 cum
305 1011 466 1057 fuerint
490 1010 647 1066 renati,
669 1010 789 1073 quod
807 1028 894 1055 non
912 1023 1096 1074 possunt
1124 1031 1210 1059 esse
1233 1025 1462 1078 antequam

87 1093 193 1128 natl.

150 1153 338 1198 XXXII.
367 1150 623 1207 Quamlibet
646 1152 791 1214 itaque
821 1152 1074 1197 sententiam
1109 1151 1161 1197 de
1192 1157 1465 1216 praegnanti-

86 1223 171 1268 bus
188 1259 198 1276 ‚
225 1223 313 1267 imo
342 1221 394 1266 de
417 1221 672 1266 hominibus
696 1220 942 1266 habeamus
969 1222 1117 1268 adhuc
1146 1223 1257 1269 intra
1279 1237 1470 1272 materna

85 1293 247 1339 viscera
267 1292 540 1343 constitutis,
567 1302 713 1336 utrum
729 1292 1017 1337 existimemus
1040 1310 1110 1338 eos
1141 1311 1276 1339 necne
1315 1295 1469 1342 donari

88 1381 211 1427 posse
230 1363 376 1426 aliquo
395 1362 753 1407 sanctificationis
764 1361 895 1407 modo
912 1383 922 1415 ;
945 1363 1010 1407 vel
1038 1374 1220 1426 propter
1234 1364 1466 1424 Joannem‚

85 1436 164 1499 qui
198 1435 398 1480 nondum
427 1436 471 1479 in
499 1434 614 1479 hanc
650 1433 792 1479 editus
816 1435 955 1480 lucem
975 1472 985 1491 ‚
1024 1446 1163 1481 tamen
1193 1437 1399 1484 exultavit
1421 1440 1464 1485 in

85 1506 273 1566 gaudio:
302 1504 422 1569 quod
450 1505 600 1568 utique
626 1505 708 1550 nisi
732 1505 982 1568 operatione
1002 1506 1188 1569 Spiritus
1208 1510 1342 1553 sancti
1373 1511 1467 1556 fieri

83 1577 274 1640 potuisse
296 1575 391 1638 quis
419 1574 603 1620 credat?
633 1575 697 1620 vel
721 1587 904 1638 propter
931 1576 1162 1621 Jeremiam
1177 1614 1186 1627 ,
1209 1578 1282 1623 cui
1305 1580 1458 1626 Domi-

84 1663 164 1692 nus
185 1645 310 1699 dicit,
327 1665 345 1685 α
366 1644 627 1707 Priusquam
652 1645 782 1690 exires
795 1645 849 1690 de
865 1646 1014 1691 vulvas
1029 1647 1294 1693 sanetificavi
1317 1649 1415 1695 te1:
1437 1673 1458 1694 »

85 1727 227 1761 tamen
246 1715 319 1760 illa
349 1714 663 1771 sanctificatio,
692 1731 779 1777 qua
804 1714 1019 1760 efficimur
1042 1727 1083 1761 et
1108 1717 1265 1776 singuli
1297 1720 1458 1783 templa

85 1786 190 1841 Dei,
212 1796 252 1831 et
278 1785 318 1830 iu
349 1800 485 1829 unum
507 1801 652 1829 omnes
677 1784 892 1847 templum
921 1787 998 1830 Dei
1026 1803 1115 1831 non
1133 1796 1193 1831 est
1225 1788 1303 1833 nisi
1335 1806 1464 1835 rena-

84 1872 255 1912 torum,
281 1856 400 1919 quod
426 1856 506 1901 nisi
534 1859 622 1901 nati
645 1856 846 1901 homines
862 1874 948 1902 esse
972 1875 1056 1903 non
1083 1871 1276 1920 possunt.
1308 1862 1461 1910 Nullus

85 1940 226 1975 autem
244 1927 376 1972 vitam
398 1962 408 1981 ,
429 1926 474 1970 in
493 1942 579 1988 qua
601 1937 727 1971 natus
746 1935 834 1982 est,
858 1927 968 1971 bene
996 1928 1117 1973 finiet
1139 1965 1149 1984 ,
1177 1929 1258 1974 nisi
1284 1943 1456 1980 renatus

85 2012 318 2062 antequam
345 1997 483 2041 finiat.

147 2068 358 2116 XXXIII.
391 2065 522 2123 Quod
542 2067 574 2111 si
595 2067 825 2130 quisquam
846 2067 952 2113 dicit
971 2071 1062 2127 jam
1086 2086 1173 2115 esse
1193 2083 1344 2117 natum
1366 2073 1454 2119 ho—

83 2141 242 2187 minem
263 2176 273 2193 ‚
301 2137 426 2183 etiam
459 2153 560 2182 cum
584 2137 731 2182 adbuc
758 2148 819 2183 est
843 2138 886 2182 in
922 2149 1043 2183 utero
1069 2141 1238 2190 matris.
1262 2144 1455 2189 testimo-

82 2212 291 2273 niumque
324 2206 506 2252 adhibet
526 2224 572 2252 ex
598 2207 832 2267 Evangelio
849 2244 860 2262 ‚
889 2208 991 2270 quia
1013 2208 1181 2255 (lictum
1210 2212 1260 2257 ad
1287 2215 1452 2277 Joseph

84 2283 136 2328 de
165 2287 412 2343 praegnante
433 2277 597 2336 virgine
626 2278 804 2323 Domini
825 2288 984 2333 matre,
1013 2299 1032 2318 «
1051 2279 1184 2335 Quod
1204 2283 1316 2328 enjm
1337 2284 1382 2329 jn
1404 2302 1452 2330 ea

83 2376 104 2395 »
122 2362 272 2397 natum
303 2358 388 2400 est,
429 2346 482 2391 de
523 2346 693 2410 Spiritu
737 2358 885 2392 sancto
926 2349 1017 2392 est2
1040 2365 1051 2393 :
1072 2370 1094 2390 »
1134 2353 1454 2415 numquidnam

83 2423 189 2468 huic
219 2417 435 2464 nativitati
460 2417 626 2462 accedit
656 2417 844 2462 secunda
869 2418 1105 2464 nativitas?
1132 2421 1335 2485 Alioquin
1364 2443 1451 2471 non

83 2493 163 2538 erit
181 2495 271 2550 jam
294 2486 483 2533 secunda
505 2524 514 2539 ‚
539 2486 610 2532 sed
638 2488 776 2534 tertia.
816 2488 1026 2533 Dominus
1053 2501 1194 2535 autem
1223 2509 1323 2538 cum
1348 2495 1453 2541 hinc

83 2564 333 2625 loqueretur
349 2595 359 2613 ‚
385 2578 405 2597 «
427 2556 516 2602 Nisi
543 2558 661 2620 quis,
687 2558 831 2621 inquit
853 2594 863 2612 ‚
889 2568 1059 2603 renatus
1079 2558 1209 2606 fuerit
1225 2561 1365 2609 denuo
1380 2565 1416 2621 3,
1437 2589 1456 2607 »

134 2646 143 2666 ¹
164 2647 290 2676 Jerem.
310 2653 340 2681 x,
359 2641 390 2671 5.
409 2658 443 2663 -
466 2638 481 2660 2
501 2639 619 2673 Matth.
635 2651 666 2681 1,
681 2650 739 2672 20.
758 2657 798 2663 -
818 2637 831 2662 3
848 2642 945 2672 Joan.
960 2650 1014 2682 111,
1036 2643 1067 2673 3.

248 2710 414 2742 (ιΧινιΙ.
1278 2703 1338 2758 34
