<?xml version="1.0" encoding="UTF-8"?>
<!DOCTYPE html PUBLIC "-//W3C//DTD XHTML 1.0 Transitional//EN"
    "http://www.w3.org/TR/xhtml1/DTD/xhtml1-transitional.dtd">
<html xmlns="http://www.w3.org/1999/xhtml" xml:lang="en" lang="en">
 <head>
  <title>
</title>
<meta http-equiv="Content-Type" content="text/html;charset=utf-8" />
  <meta name='ocr-system' content='tesseract 3.04.00' />
  <meta name='ocr-capabilities' content='ocr_page ocr_carea ocr_par ocr_line ocrx_word'/>
</head>
<body>
  <div class='ocr_page' id='page_1' title='image "./operaomniaaccura40auguuoft/operaomniaaccura40auguuoft_0319.png"; bbox 0 0 1799 3251; ppageno 0'>
   <div class='ocr_carea' id='block_1_1' title="bbox 588 269 1475 332">
    <p class='ocr_par' dir='ltr' id='par_1_1' title="bbox 588 269 1475 332">
     <span class='ocr_line' id='line_1_1' title="bbox 588 269 1475 332; baseline 0.006 -24"><span class='ocrx_word' id='word_1_1' title='bbox 588 278 801 309; x_wconf 77' lang='lat' dir='ltr'>EPISTOLA</span> <span class='ocrx_word' id='word_1_2' title='bbox 837 280 984 312; x_wconf 81' lang='lat' dir='ltr'><strong>CLXIV.</strong></span> <span class='ocrx_word' id='word_1_3' title='bbox 1383 269 1475 332; x_wconf 78' lang='lat'>309</span> 
     </span>
    </p>
   </div>
   <div class='ocr_carea' id='block_1_2' title="bbox 78 342 1483 2653">
    <p class='ocr_par' dir='ltr' id='par_1_2' title="bbox 87 342 1483 2591">
     <span class='ocr_line' id='line_1_2' title="bbox 170 342 1480 426; baseline 0.006 -38"><span class='ocrx_word' id='word_1_4' title='bbox 170 344 248 391; x_wconf 86' lang='lat' dir='ltr'>IX.</span> <span class='ocrx_word' id='word_1_5' title='bbox 280 343 380 389; x_wconf 88' lang='lat' dir='ltr'>Scio</span> <span class='ocrx_word' id='word_1_6' title='bbox 392 342 658 421; x_wconf 83' lang='lat' dir='ltr'>quibusdam</span> <span class='ocrx_word' id='word_1_7' title='bbox 677 343 986 400; x_wconf 85' lang='lat' dir='ltr'>videri‚m0rte</span> <span class='ocrx_word' id='word_1_8' title='bbox 1005 346 1180 394; x_wconf 89' lang='lat' dir='ltr'>Domini</span> <span class='ocrx_word' id='word_1_9' title='bbox 1204 347 1367 394; x_wconf 81' lang='lat' dir='ltr'>Christi</span> <span class='ocrx_word' id='word_1_10' title='bbox 1385 352 1480 426; x_wconf 81' lang='lat' dir='ltr'>jam</span> 
     </span>
     <span class='ocr_line' id='line_1_3' title="bbox 105 413 1476 479; baseline 0.004 -20"><span class='ocrx_word' id='word_1_11' title='bbox 105 413 234 460; x_wconf 85' lang='lat' dir='ltr'>talem</span> <span class='ocrx_word' id='word_1_12' title='bbox 266 413 626 459; x_wconf 85' lang='lat' dir='ltr'>resurrectionem</span> <span class='ocrx_word' id='word_1_13' title='bbox 660 414 901 476; x_wconf 82' lang='lat' dir='ltr'>praestitam</span> <span class='ocrx_word' id='word_1_14' title='bbox 929 416 1078 474; x_wconf 81' lang='lat' dir='ltr'>justis,</span> <span class='ocrx_word' id='word_1_15' title='bbox 1106 417 1246 479; x_wconf 87' lang='lat' dir='ltr'>qualis</span> <span class='ocrx_word' id='word_1_16' title='bbox 1279 418 1441 470; x_wconf 87' lang='lat' dir='ltr'>nobis</span> <span class='ocrx_word' id='word_1_17' title='bbox 1430 437 1476 464; x_wconf 82' lang='lat' dir='ltr'>in</span> 
     </span>
     <span class='ocr_line' id='line_1_4' title="bbox 104 484 1482 564; baseline 0.004 -36"><span class='ocrx_word' id='word_1_18' title='bbox 104 485 189 529; x_wconf 88' lang='lat' dir='ltr'>fine</span> <span class='ocrx_word' id='word_1_19' title='bbox 204 484 509 564; x_wconf 78' lang='lat' dir='ltr'>promittitur:</span> <span class='ocrx_word' id='word_1_20' title='bbox 528 485 735 546; x_wconf 86' lang='lat' dir='ltr'>quoniam</span> <span class='ocrx_word' id='word_1_21' title='bbox 747 484 957 547; x_wconf 84' lang='lat' dir='ltr'>scriptum</span> <span class='ocrx_word' id='word_1_22' title='bbox 977 496 1062 541; x_wconf 87' lang='lat' dir='ltr'>est,</span> <span class='ocrx_word' id='word_1_23' title='bbox 1079 486 1154 532; x_wconf 82' lang='lat' dir='ltr'>illo</span> <span class='ocrx_word' id='word_1_24' title='bbox 1176 497 1300 533; x_wconf 82' lang='lat' dir='ltr'>teiiae</span> <span class='ocrx_word' id='word_1_25' title='bbox 1319 488 1482 546; x_wconf 78' lang='lat' dir='ltr'>motu1‚</span> 
     </span>
     <span class='ocr_line' id='line_1_5' title="bbox 101 555 1481 621; baseline 0.003 -21"><span class='ocrx_word' id='word_1_26' title='bbox 101 571 189 617; x_wconf 90' lang='lat' dir='ltr'>quo</span> <span class='ocrx_word' id='word_1_27' title='bbox 211 555 256 600; x_wconf 90' lang='lat' dir='ltr'>in</span> <span class='ocrx_word' id='word_1_28' title='bbox 282 558 371 614; x_wconf 85' lang='lat' dir='ltr'>ejus</span> <span class='ocrx_word' id='word_1_29' title='bbox 407 555 605 616; x_wconf 80' lang='lat' dir='ltr'>passione</span> <span class='ocrx_word' id='word_1_30' title='bbox 624 564 761 617; x_wconf 85' lang='lat' dir='ltr'>petrae</span> <span class='ocrx_word' id='word_1_31' title='bbox 799 555 938 600; x_wconf 81' lang='lat' dir='ltr'>scissae</span> <span class='ocrx_word' id='word_1_32' title='bbox 963 566 1004 601; x_wconf 90' lang='lat' dir='ltr'>et</span> <span class='ocrx_word' id='word_1_33' title='bbox 1027 567 1310 602; x_wconf 88' lang='lat' dir='ltr'>monumenta</span> <span class='ocrx_word' id='word_1_34' title='bbox 1331 569 1481 621; x_wconf 86' lang='lat' dir='ltr'>aperta</span> 
     </span>
     <span class='ocr_line' id='line_1_6' title="bbox 102 624 1480 687; baseline 0.004 -18"><span class='ocrx_word' id='word_1_35' title='bbox 102 635 228 681; x_wconf 85' lang='lat' dir='ltr'>sunt,</span> <span class='ocrx_word' id='word_1_36' title='bbox 256 624 394 670; x_wconf 87' lang='lat' dir='ltr'>multa</span> <span class='ocrx_word' id='word_1_37' title='bbox 417 641 602 687; x_wconf 85' lang='lat' dir='ltr'>corpora</span> <span class='ocrx_word' id='word_1_38' title='bbox 623 624 895 669; x_wconf 79' lang='lat' dir='ltr'>resurrexisse</span> <span class='ocrx_word' id='word_1_39' title='bbox 925 625 1175 682; x_wconf 80' lang='lat' dir='ltr'>Justorum,</span> <span class='ocrx_word' id='word_1_40' title='bbox 1196 637 1237 672; x_wconf 89' lang='lat' dir='ltr'>et</span> <span class='ocrx_word' id='word_1_41' title='bbox 1266 628 1355 673; x_wconf 79' lang='lat' dir='ltr'>visa</span> <span class='ocrx_word' id='word_1_42' title='bbox 1377 645 1480 674; x_wconf 88' lang='lat' dir='ltr'>cum</span> 
     </span>
     <span class='ocr_line' id='line_1_7' title="bbox 100 661 1483 759; baseline 0.004 -20"><span class='ocrx_word' id='word_1_43' title='bbox 100 693 175 739; x_wconf 92' lang='lat' dir='ltr'>illo</span> <span class='ocrx_word' id='word_1_44' title='bbox 207 693 384 758; x_wconf 86' lang='lat' dir='ltr'>quando</span> <span class='ocrx_word' id='word_1_45' title='bbox 412 694 642 740; x_wconf 82' lang='lat' dir='ltr'>resurrexit</span> <span class='ocrx_word' id='word_1_46' title='bbox 659 693 705 738; x_wconf 91' lang='lat' dir='ltr'>in</span> <span class='ocrx_word' id='word_1_47' title='bbox 725 704 870 744; x_wconf 85' lang='lat' dir='ltr'>sancta</span> <span class='ocrx_word' id='word_1_48' title='bbox 911 694 1101 741; x_wconf 86' lang='lat' dir='ltr'>civitate.</span> <span class='ocrx_word' id='word_1_49' title='bbox 1134 661 1223 752; x_wconf 57' lang='lat' dir='ltr'>Q’ui</span> <span class='ocrx_word' id='word_1_50' title='bbox 1264 697 1414 759; x_wconf 90' lang='lat' dir='ltr'>utique</span> <span class='ocrx_word' id='word_1_51' title='bbox 1447 698 1483 744; x_wconf 90' lang='lat' dir='ltr'>si</span> 
     </span>
     <span class='ocr_line' id='line_1_8' title="bbox 99 764 1479 829; baseline 0.002 -19"><span class='ocrx_word' id='word_1_52' title='bbox 99 781 188 810; x_wconf 91' lang='lat' dir='ltr'>non</span> <span class='ocrx_word' id='word_1_53' title='bbox 210 766 366 811; x_wconf 81' lang='lat' dir='ltr'>iteruin</span> <span class='ocrx_word' id='word_1_54' title='bbox 402 765 600 829; x_wconf 85' lang='lat' dir='ltr'>repositis</span> <span class='ocrx_word' id='word_1_55' title='bbox 626 765 885 828; x_wconf 86' lang='lat' dir='ltr'>corporibus</span> <span class='ocrx_word' id='word_1_56' title='bbox 915 764 1211 822; x_wconf 87' lang='lat' dir='ltr'>dormierunt,</span> <span class='ocrx_word' id='word_1_57' title='bbox 1241 766 1479 818; x_wconf 83' lang='lat' dir='ltr'>videndum</span> 
     </span>
     <span class='ocr_line' id='line_1_9' title="bbox 98 835 1480 899; baseline 0.002 -18"><span class='ocrx_word' id='word_1_58' title='bbox 98 846 159 881; x_wconf 89' lang='lat' dir='ltr'>est</span> <span class='ocrx_word' id='word_1_59' title='bbox 189 835 564 899; x_wconf 78' lang='lat' dir='ltr'>quemadmodum</span> <span class='ocrx_word' id='word_1_60' title='bbox 588 835 857 895; x_wconf 80' lang='lat' dir='ltr'>intelligatur</span> <span class='ocrx_word' id='word_1_61' title='bbox 880 835 1081 883; x_wconf 83' lang='lat' dir='ltr'>Christus</span> <span class='ocrx_word' id='word_1_62' title='bbox 1106 837 1422 899; x_wconf 87' lang='lat' dir='ltr'>primogenitus</span> <span class='ocrx_word' id='word_1_63' title='bbox 1457 856 1480 884; x_wconf 90' lang='lat' dir='ltr'>a</span> 
     </span>
     <span class='ocr_line' id='line_1_10' title="bbox 97 905 1474 969; baseline 0.002 -19"><span class='ocrx_word' id='word_1_64' title='bbox 97 906 279 951; x_wconf 83' lang='lat' dir='ltr'>mortuis</span> <span class='ocrx_word' id='word_1_65' title='bbox 296 943 308 962; x_wconf 87' lang='lat'>‚</span> <span class='ocrx_word' id='word_1_66' title='bbox 339 905 375 951; x_wconf 86' lang='lat' dir='ltr'>si</span> <span class='ocrx_word' id='word_1_67' title='bbox 406 922 505 953; x_wconf 83' lang='lat' dir='ltr'>eum</span> <span class='ocrx_word' id='word_1_68' title='bbox 531 906 575 951; x_wconf 90' lang='lat' dir='ltr'>in</span> <span class='ocrx_word' id='word_1_69' title='bbox 613 905 687 952; x_wconf 79' lang='lat' dir='ltr'>illa</span> <span class='ocrx_word' id='word_1_70' title='bbox 711 906 1022 951; x_wconf 87' lang='lat' dir='ltr'>resurrectione</span> <span class='ocrx_word' id='word_1_71' title='bbox 1057 917 1121 952; x_wconf 93' lang='lat' dir='ltr'>tot</span> <span class='ocrx_word' id='word_1_72' title='bbox 1146 918 1474 969; x_wconf 72' lang='lat' dir='ltr'>praecesserunt.</span> 
     </span>
     <span class='ocr_line' id='line_1_11' title="bbox 100 975 1478 1040; baseline 0.001 -19"><span class='ocrx_word' id='word_1_73' title='bbox 100 975 232 1033; x_wconf 89' lang='lat' dir='ltr'>Quod</span> <span class='ocrx_word' id='word_1_74' title='bbox 248 977 283 1021; x_wconf 90' lang='lat' dir='ltr'>si</span> <span class='ocrx_word' id='word_1_75' title='bbox 299 976 587 1040; x_wconf 88' lang='lat' dir='ltr'>respondetur</span> <span class='ocrx_word' id='word_1_76' title='bbox 608 976 695 1021; x_wconf 89' lang='lat' dir='ltr'>hoc</span> <span class='ocrx_word' id='word_1_77' title='bbox 715 975 884 1022; x_wconf 86' lang='lat' dir='ltr'>dictum</span> <span class='ocrx_word' id='word_1_78' title='bbox 902 993 987 1022; x_wconf 83' lang='lat' dir='ltr'>esse</span> <span class='ocrx_word' id='word_1_79' title='bbox 1003 994 1082 1040; x_wconf 88' lang='lat' dir='ltr'>per</span> <span class='ocrx_word' id='word_1_80' title='bbox 1101 977 1478 1040; x_wconf 83' lang='lat' dir='ltr'>anticipationem,</span> 
     </span>
     <span class='ocr_line' id='line_1_12' title="bbox 96 1046 1481 1111; baseline 0.001 -19"><span class='ocrx_word' id='word_1_81' title='bbox 96 1056 146 1099; x_wconf 85' lang='lat' dir='ltr'>ut</span> <span class='ocrx_word' id='word_1_82' title='bbox 171 1057 452 1092; x_wconf 88' lang='lat' dir='ltr'>monumenta</span> <span class='ocrx_word' id='word_1_83' title='bbox 475 1046 654 1111; x_wconf 90' lang='lat' dir='ltr'>quidem</span> <span class='ocrx_word' id='word_1_84' title='bbox 677 1046 752 1092; x_wconf 92' lang='lat' dir='ltr'>illo</span> <span class='ocrx_word' id='word_1_85' title='bbox 778 1057 903 1094; x_wconf 67' lang='lat' dir='ltr'>terrae</span> <span class='ocrx_word' id='word_1_86' title='bbox 927 1058 1050 1093; x_wconf 91' lang='lat' dir='ltr'>motu</span> <span class='ocrx_word' id='word_1_87' title='bbox 1066 1058 1214 1111; x_wconf 82' lang='lat' dir='ltr'>aperta</span> <span class='ocrx_word' id='word_1_88' title='bbox 1231 1047 1481 1108; x_wconf 82' lang='lat' dir='ltr'>intelligan-</span> 
     </span>
     <span class='ocr_line' id='line_1_13' title="bbox 95 1117 1472 1181; baseline 0.003 -19"><span class='ocrx_word' id='word_1_89' title='bbox 95 1126 180 1171; x_wconf 83' lang='lat' dir='ltr'>tur,</span> <span class='ocrx_word' id='word_1_90' title='bbox 201 1133 302 1162; x_wconf 90' lang='lat' dir='ltr'>cum</span> <span class='ocrx_word' id='word_1_91' title='bbox 322 1117 525 1163; x_wconf 87' lang='lat' dir='ltr'>Christus</span> <span class='ocrx_word' id='word_1_92' title='bbox 553 1118 598 1164; x_wconf 88' lang='lat' dir='ltr'>in</span> <span class='ocrx_word' id='word_1_93' title='bbox 621 1134 750 1163; x_wconf 86' lang='lat' dir='ltr'>cruce</span> <span class='ocrx_word' id='word_1_94' title='bbox 770 1117 1007 1181; x_wconf 83' lang='lat' dir='ltr'>penderet,</span> <span class='ocrx_word' id='word_1_95' title='bbox 1035 1118 1308 1167; x_wconf 80' lang='lat' dir='ltr'>resurrexisse</span> <span class='ocrx_word' id='word_1_96' title='bbox 1327 1129 1472 1167; x_wconf 86' lang='lat' dir='ltr'>autem</span> 
     </span>
     <span class='ocr_line' id='line_1_14' title="bbox 93 1187 1480 1252; baseline 0.001 -20"><span class='ocrx_word' id='word_1_97' title='bbox 93 1190 316 1233; x_wconf 89' lang='lat' dir='ltr'>Justorum</span> <span class='ocrx_word' id='word_1_98' title='bbox 351 1204 539 1252; x_wconf 88' lang='lat' dir='ltr'>corpora</span> <span class='ocrx_word' id='word_1_99' title='bbox 572 1204 660 1234; x_wconf 85' lang='lat' dir='ltr'>non</span> <span class='ocrx_word' id='word_1_100' title='bbox 682 1197 786 1234; x_wconf 86' lang='lat' dir='ltr'>tunc</span> <span class='ocrx_word' id='word_1_101' title='bbox 803 1223 815 1242; x_wconf 90' lang='lat'>‚</span> <span class='ocrx_word' id='word_1_102' title='bbox 853 1187 926 1233; x_wconf 93' lang='lat' dir='ltr'>sed</span> <span class='ocrx_word' id='word_1_103' title='bbox 953 1204 1055 1233; x_wconf 89' lang='lat' dir='ltr'>cum</span> <span class='ocrx_word' id='word_1_104' title='bbox 1091 1188 1163 1235; x_wconf 89' lang='lat' dir='ltr'>ille</span> <span class='ocrx_word' id='word_1_105' title='bbox 1188 1188 1309 1251; x_wconf 86' lang='lat' dir='ltr'>prior</span> <span class='ocrx_word' id='word_1_106' title='bbox 1331 1205 1480 1239; x_wconf 88' lang='lat' dir='ltr'>resur-</span> 
     </span>
     <span class='ocr_line' id='line_1_15' title="bbox 94 1257 1478 1322; baseline 0.001 -19"><span class='ocrx_word' id='word_1_107' title='bbox 94 1258 293 1312; x_wconf 82' lang='lat' dir='ltr'>rexisset3</span> <span class='ocrx_word' id='word_1_108' title='bbox 315 1259 514 1321; x_wconf 80' lang='lat' dir='ltr'>quamvis</span> <span class='ocrx_word' id='word_1_109' title='bbox 542 1269 649 1304; x_wconf 89' lang='lat' dir='ltr'>tunc</span> <span class='ocrx_word' id='word_1_110' title='bbox 669 1295 680 1313; x_wconf 86' lang='lat'>,</span> <span class='ocrx_word' id='word_1_111' title='bbox 714 1269 762 1305; x_wconf 89' lang='lat' dir='ltr'>ut</span> <span class='ocrx_word' id='word_1_112' title='bbox 786 1257 896 1314; x_wconf 74' lang='lat' dir='ltr'>dixi,</span> <span class='ocrx_word' id='word_1_113' title='bbox 918 1258 1200 1322; x_wconf 77' lang='lat' dir='ltr'>anticipando</span> <span class='ocrx_word' id='word_1_114' title='bbox 1225 1258 1373 1304; x_wconf 85' lang='lat' dir='ltr'>fuisset</span> <span class='ocrx_word' id='word_1_115' title='bbox 1398 1259 1478 1304; x_wconf 84' lang='lat' dir='ltr'>ad-</span> 
     </span>
     <span class='ocr_line' id='line_1_16' title="bbox 88 1328 1477 1390; baseline 0.001 -17"><span class='ocrx_word' id='word_1_116' title='bbox 88 1331 322 1388; x_wconf 83' lang='lat' dir='ltr'>junctum,</span> <span class='ocrx_word' id='word_1_117' title='bbox 350 1339 399 1373; x_wconf 92' lang='lat' dir='ltr'>ut</span> <span class='ocrx_word' id='word_1_118' title='bbox 427 1338 468 1374; x_wconf 90' lang='lat' dir='ltr'>et</span> <span class='ocrx_word' id='word_1_119' title='bbox 504 1328 703 1374; x_wconf 90' lang='lat' dir='ltr'>Christus</span> <span class='ocrx_word' id='word_1_120' title='bbox 731 1328 1045 1390; x_wconf 86' lang='lat' dir='ltr'>primogenitus</span> <span class='ocrx_word' id='word_1_121' title='bbox 1073 1346 1096 1373; x_wconf 87' lang='lat' dir='ltr'>a</span> <span class='ocrx_word' id='word_1_122' title='bbox 1119 1328 1358 1385; x_wconf 85' lang='lat' dir='ltr'>mortuis2‚</span> <span class='ocrx_word' id='word_1_123' title='bbox 1387 1329 1477 1380; x_wconf 78' lang='lat' dir='ltr'>sine</span> 
     </span>
     <span class='ocr_line' id='line_1_17' title="bbox 94 1397 1471 1458; baseline 0 -14"><span class='ocrx_word' id='word_1_124' title='bbox 94 1398 377 1458; x_wconf 79' lang='lat' dir='ltr'>ambiguitate</span> <span class='ocrx_word' id='word_1_125' title='bbox 400 1398 622 1454; x_wconf 82' lang='lat' dir='ltr'>credatur,</span> <span class='ocrx_word' id='word_1_126' title='bbox 646 1409 688 1443; x_wconf 89' lang='lat' dir='ltr'>et</span> <span class='ocrx_word' id='word_1_127' title='bbox 705 1397 789 1443; x_wconf 89' lang='lat' dir='ltr'>illis</span> <span class='ocrx_word' id='word_1_128' title='bbox 812 1398 945 1444; x_wconf 82' lang='lat' dir='ltr'>Justis</span> <span class='ocrx_word' id='word_1_129' title='bbox 969 1399 1179 1444; x_wconf 87' lang='lat' dir='ltr'>continuo</span> <span class='ocrx_word' id='word_1_130' title='bbox 1195 1415 1471 1455; x_wconf 86' lang='lat' dir='ltr'>concessum,</span> 
     </span>
     <span class='ocr_line' id='line_1_18' title="bbox 94 1469 1466 1533; baseline -0.001 -18"><span class='ocrx_word' id='word_1_131' title='bbox 94 1469 250 1533; x_wconf 90' lang='lat' dir='ltr'>utipso</span> <span class='ocrx_word' id='word_1_132' title='bbox 271 1481 494 1533; x_wconf 83' lang='lat' dir='ltr'>praeeunte</span> <span class='ocrx_word' id='word_1_133' title='bbox 514 1470 559 1516; x_wconf 89' lang='lat' dir='ltr'>in</span> <span class='ocrx_word' id='word_1_134' title='bbox 583 1479 788 1516; x_wconf 80' lang='lat' dir='ltr'>aeternam</span> <span class='ocrx_word' id='word_1_135' title='bbox 824 1469 1200 1533; x_wconf 85' lang='lat' dir='ltr'>incorruptionem</span> <span class='ocrx_word' id='word_1_136' title='bbox 1225 1480 1353 1533; x_wconf 86' lang='lat' dir='ltr'>atque</span> <span class='ocrx_word' id='word_1_137' title='bbox 1377 1469 1466 1515; x_wconf 93' lang='lat' dir='ltr'>im—</span> 
     </span>
     <span class='ocr_line' id='line_1_19' title="bbox 92 1539 1466 1605; baseline 0 -20"><span class='ocrx_word' id='word_1_138' title='bbox 92 1540 402 1586; x_wconf 81' lang='lat' dir='ltr'>mortalitatem</span> <span class='ocrx_word' id='word_1_139' title='bbox 438 1551 732 1601; x_wconf 81' lang='lat' dir='ltr'>resurgerent.</span> <span class='ocrx_word' id='word_1_140' title='bbox 766 1540 876 1586; x_wconf 86' lang='lat' dir='ltr'>illud</span> <span class='ocrx_word' id='word_1_141' title='bbox 898 1558 952 1586; x_wconf 79' lang='lat' dir='ltr'>ac</span> <span class='ocrx_word' id='word_1_142' title='bbox 940 1540 1045 1586; x_wconf 68' lang='lat' dir='ltr'>&#39;huc</span> <span class='ocrx_word' id='word_1_143' title='bbox 1064 1551 1201 1586; x_wconf 86' lang='lat' dir='ltr'>restat</span> <span class='ocrx_word' id='word_1_144' title='bbox 1223 1539 1344 1605; x_wconf 91' lang='lat' dir='ltr'>quod</span> <span class='ocrx_word' id='word_1_145' title='bbox 1369 1557 1466 1586; x_wconf 92' lang='lat' dir='ltr'>mo</span> 
     </span>
     <span class='ocr_line' id='line_1_20' title="bbox 78 1609 1470 1680; baseline -0.001 -23.991"><span class='ocrx_word' id='word_1_146' title='bbox 78 1621 204 1680; x_wconf 75' lang='lat' dir='ltr'>v‚eat</span> <span class='ocrx_word' id='word_1_147' title='bbox 232 1611 455 1674; x_wconf 88' lang='lat' dir='ltr'>quomodo</span> <span class='ocrx_word' id='word_1_148' title='bbox 474 1629 496 1656; x_wconf 83' lang='lat' dir='ltr'>a</span> <span class='ocrx_word' id='word_1_149' title='bbox 518 1615 644 1656; x_wconf 90' lang='lat' dir='ltr'>Petro</span> <span class='ocrx_word' id='word_1_150' title='bbox 677 1610 765 1657; x_wconf 88' lang='lat' dir='ltr'>dici</span> <span class='ocrx_word' id='word_1_151' title='bbox 790 1610 999 1674; x_wconf 75' lang='lat' dir='ltr'>potuerit,</span> <span class='ocrx_word' id='word_1_152' title='bbox 1025 1609 1145 1675; x_wconf 90' lang='lat' dir='ltr'>quod</span> <span class='ocrx_word' id='word_1_153' title='bbox 1165 1609 1316 1673; x_wconf 83' lang='lat' dir='ltr'>utique</span> <span class='ocrx_word' id='word_1_154' title='bbox 1338 1609 1470 1655; x_wconf 85' lang='lat' dir='ltr'>veris-</span> 
     </span>
     <span class='ocr_line' id='line_1_21' title="bbox 90 1679 1472 1745; baseline -0.001 -19"><span class='ocrx_word' id='word_1_155' title='bbox 90 1681 194 1726; x_wconf 86' lang='lat' dir='ltr'>sime</span> <span class='ocrx_word' id='word_1_156' title='bbox 217 1681 382 1727; x_wconf 86' lang='lat' dir='ltr'>dictum</span> <span class='ocrx_word' id='word_1_157' title='bbox 407 1692 486 1735; x_wconf 81' lang='lat' dir='ltr'>est,</span> <span class='ocrx_word' id='word_1_158' title='bbox 528 1680 706 1745; x_wconf 85' lang='lat' dir='ltr'>quando</span> <span class='ocrx_word' id='word_1_159' title='bbox 744 1698 821 1743; x_wconf 89' lang='lat' dir='ltr'>per</span> <span class='ocrx_word' id='word_1_160' title='bbox 847 1680 967 1726; x_wconf 82' lang='lat' dir='ltr'>illam</span> <span class='ocrx_word' id='word_1_161' title='bbox 995 1680 1277 1745; x_wconf 86' lang='lat' dir='ltr'>prophetiam</span> <span class='ocrx_word' id='word_1_162' title='bbox 1305 1696 1392 1724; x_wconf 91' lang='lat' dir='ltr'>non</span> <span class='ocrx_word' id='word_1_163' title='bbox 1418 1679 1472 1725; x_wconf 87' lang='lat' dir='ltr'>de</span> 
     </span>
     <span class='ocr_line' id='line_1_22' title="bbox 90 1748 1466 1814; baseline -0.001 -18"><span class='ocrx_word' id='word_1_164' title='bbox 90 1751 251 1806; x_wconf 81' lang='lat' dir='ltr'>David,</span> <span class='ocrx_word' id='word_1_165' title='bbox 280 1751 352 1797; x_wconf 88' lang='lat' dir='ltr'>sed</span> <span class='ocrx_word' id='word_1_166' title='bbox 368 1752 420 1797; x_wconf 87' lang='lat' dir='ltr'>de</span> <span class='ocrx_word' id='word_1_167' title='bbox 438 1752 615 1797; x_wconf 85' lang='lat' dir='ltr'>Christo</span> <span class='ocrx_word' id='word_1_168' title='bbox 643 1751 820 1797; x_wconf 85' lang='lat' dir='ltr'>asseruit</span> <span class='ocrx_word' id='word_1_169' title='bbox 841 1750 969 1796; x_wconf 86' lang='lat' dir='ltr'>fnisse</span> <span class='ocrx_word' id='word_1_170' title='bbox 989 1750 1254 1814; x_wconf 79' lang='lat' dir='ltr'>praedictum</span> <span class='ocrx_word' id='word_1_171' title='bbox 1270 1748 1289 1778; x_wconf 81' lang='lat'><strong>1</strong></span> <span class='ocrx_word' id='word_1_172' title='bbox 1307 1786 1318 1807; x_wconf 85' lang='lat'>,</span> <span class='ocrx_word' id='word_1_173' title='bbox 1363 1766 1466 1795; x_wconf 89' lang='lat' dir='ltr'>car-</span> 
     </span>
     <span class='ocr_line' id='line_1_23' title="bbox 89 1819 1470 1885; baseline -0.001 -19"><span class='ocrx_word' id='word_1_174' title='bbox 89 1838 188 1867; x_wconf 90' lang='lat' dir='ltr'>nem</span> <span class='ocrx_word' id='word_1_175' title='bbox 207 1826 297 1881; x_wconf 83' lang='lat' dir='ltr'>ejus</span> <span class='ocrx_word' id='word_1_176' title='bbox 316 1839 405 1867; x_wconf 88' lang='lat' dir='ltr'>non</span> <span class='ocrx_word' id='word_1_177' title='bbox 428 1822 582 1868; x_wconf 84' lang='lat' dir='ltr'>vidisse</span> <span class='ocrx_word' id='word_1_178' title='bbox 603 1821 930 1885; x_wconf 86' lang='lat' dir='ltr'>corruptionem</span> <span class='ocrx_word' id='word_1_179' title='bbox 953 1838 963 1865; x_wconf 74' lang='grc' dir='ltr'>ε</span> <span class='ocrx_word' id='word_1_180' title='bbox 988 1831 1030 1865; x_wconf 87' lang='lat' dir='ltr'>et</span> <span class='ocrx_word' id='word_1_181' title='bbox 1047 1819 1168 1884; x_wconf 86' lang='lat' dir='ltr'>quod</span> <span class='ocrx_word' id='word_1_182' title='bbox 1192 1819 1391 1879; x_wconf 81' lang='lat' dir='ltr'>adjunxit</span> <span class='ocrx_word' id='word_1_183' title='bbox 1416 1819 1470 1867; x_wconf 86' lang='lat' dir='ltr'>de</span> 
     </span>
     <span class='ocr_line' id='line_1_24' title="bbox 90 1888 1472 1956; baseline -0.001 -20"><span class='ocrx_word' id='word_1_184' title='bbox 90 1891 253 1944; x_wconf 78' lang='lat' dir='ltr'>David,</span> <span class='ocrx_word' id='word_1_185' title='bbox 291 1892 408 1956; x_wconf 87' lang='lat' dir='ltr'>apud</span> <span class='ocrx_word' id='word_1_186' title='bbox 434 1910 504 1937; x_wconf 78' lang='lat' dir='ltr'>eos</span> <span class='ocrx_word' id='word_1_187' title='bbox 541 1910 627 1938; x_wconf 88' lang='lat' dir='ltr'>esse</span> <span class='ocrx_word' id='word_1_188' title='bbox 669 1902 1001 1938; x_wconf 86' lang='lat' dir='ltr'>monumentum</span> <span class='ocrx_word' id='word_1_189' title='bbox 1035 1890 1156 1950; x_wconf 78' lang='lat' dir='ltr'>ejus2</span> <span class='ocrx_word' id='word_1_190' title='bbox 1188 1908 1198 1934; x_wconf 76' lang='grc' dir='ltr'>ε</span> <span class='ocrx_word' id='word_1_191' title='bbox 1228 1888 1345 1934; x_wconf 89' lang='lat' dir='ltr'>unde</span> <span class='ocrx_word' id='word_1_192' title='bbox 1374 1888 1472 1935; x_wconf 91' lang='lat' dir='ltr'>illos</span> 
     </span>
     <span class='ocr_line' id='line_1_25' title="bbox 92 1961 1464 2026; baseline -0.001 -19"><span class='ocrx_word' id='word_1_193' title='bbox 92 1963 240 2026; x_wconf 89' lang='lat' dir='ltr'>utique</span> <span class='ocrx_word' id='word_1_194' title='bbox 257 1980 343 2008; x_wconf 88' lang='lat' dir='ltr'>non</span> <span class='ocrx_word' id='word_1_195' title='bbox 359 1963 649 2009; x_wconf 83' lang='lat' dir='ltr'>convincebat</span> <span class='ocrx_word' id='word_1_196' title='bbox 669 2000 680 2019; x_wconf 91' lang='lat'>‚</span> <span class='ocrx_word' id='word_1_197' title='bbox 699 1963 733 2008; x_wconf 90' lang='lat' dir='ltr'>si</span> <span class='ocrx_word' id='word_1_198' title='bbox 757 1978 916 2025; x_wconf 87' lang='lat' dir='ltr'>corpus</span> <span class='ocrx_word' id='word_1_199' title='bbox 939 1965 1030 2021; x_wconf 81' lang='lat' dir='ltr'>ejus</span> <span class='ocrx_word' id='word_1_200' title='bbox 1055 1961 1223 2020; x_wconf 83' lang='lat' dir='ltr'>ibijam</span> <span class='ocrx_word' id='word_1_201' title='bbox 1245 1977 1333 2005; x_wconf 92' lang='lat' dir='ltr'>non</span> <span class='ocrx_word' id='word_1_202' title='bbox 1350 1971 1464 2006; x_wconf 84' lang='lat' dir='ltr'>erat:</span> 
     </span>
     <span class='ocr_line' id='line_1_26' title="bbox 88 2032 1470 2097; baseline -0.002 -18"><span class='ocrx_word' id='word_1_203' title='bbox 88 2034 192 2097; x_wconf 86' lang='lat' dir='ltr'>quia</span> <span class='ocrx_word' id='word_1_204' title='bbox 215 2034 248 2078; x_wconf 88' lang='lat' dir='ltr'>si</span> <span class='ocrx_word' id='word_1_205' title='bbox 269 2044 311 2078; x_wconf 85' lang='lat' dir='ltr'>et</span> <span class='ocrx_word' id='word_1_206' title='bbox 330 2044 427 2079; x_wconf 85' lang='lat' dir='ltr'>ante</span> <span class='ocrx_word' id='word_1_207' title='bbox 445 2034 490 2079; x_wconf 87' lang='grc'>111</span> <span class='ocrx_word' id='word_1_208' title='bbox 511 2033 671 2079; x_wconf 87' lang='lat' dir='ltr'>recenti</span> <span class='ocrx_word' id='word_1_209' title='bbox 695 2050 770 2079; x_wconf 85' lang='lat' dir='ltr'>sua</span> <span class='ocrx_word' id='word_1_210' title='bbox 786 2043 923 2078; x_wconf 88' lang='lat' dir='ltr'>morte</span> <span class='ocrx_word' id='word_1_211' title='bbox 946 2032 1252 2088; x_wconf 78' lang='lat' dir='ltr'>resurrexisset,</span> <span class='ocrx_word' id='word_1_212' title='bbox 1265 2047 1345 2076; x_wconf 88' lang='lat' dir='ltr'>nec</span> <span class='ocrx_word' id='word_1_213' title='bbox 1369 2047 1470 2077; x_wconf 85' lang='lat' dir='ltr'>caro</span> 
     </span>
     <span class='ocr_line' id='line_1_27' title="bbox 87 2100 1471 2168; baseline -0.001 -20"><span class='ocrx_word' id='word_1_214' title='bbox 87 2106 178 2162; x_wconf 80' lang='lat' dir='ltr'>ers</span> <span class='ocrx_word' id='word_1_215' title='bbox 197 2103 372 2150; x_wconf 85' lang='lat' dir='ltr'>vidisset</span> <span class='ocrx_word' id='word_1_216' title='bbox 406 2105 752 2168; x_wconf 82' lang='lat' dir='ltr'>corruptionem,</span> <span class='ocrx_word' id='word_1_217' title='bbox 774 2114 920 2167; x_wconf 86' lang='lat' dir='ltr'>posset</span> <span class='ocrx_word' id='word_1_218' title='bbox 939 2102 1224 2148; x_wconf 87' lang='lat' dir='ltr'>nihilominus</span> <span class='ocrx_word' id='word_1_219' title='bbox 1236 2100 1346 2147; x_wconf 86' lang='lat' dir='ltr'>illud</span> <span class='ocrx_word' id='word_1_220' title='bbox 1371 2118 1471 2147; x_wconf 91' lang='lat' dir='ltr'>mo-</span> 
     </span>
     <span class='ocr_line' id='line_1_28' title="bbox 87 2171 1468 2229; baseline -0.001 -10"><span class='ocrx_word' id='word_1_221' title='bbox 87 2186 347 2220; x_wconf 78' lang='lat' dir='ltr'>numentum</span> <span class='ocrx_word' id='word_1_222' title='bbox 373 2192 560 2222; x_wconf 87' lang='lat' dir='ltr'>manere.</span> <span class='ocrx_word' id='word_1_223' title='bbox 584 2176 755 2222; x_wconf 88' lang='lat' dir='ltr'>Durum</span> <span class='ocrx_word' id='word_1_224' title='bbox 770 2185 916 2221; x_wconf 88' lang='lat' dir='ltr'>autem</span> <span class='ocrx_word' id='word_1_225' title='bbox 933 2173 1124 2229; x_wconf 74' lang='lat' dir='ltr'>videtur,</span> <span class='ocrx_word' id='word_1_226' title='bbox 1147 2184 1196 2218; x_wconf 87' lang='lat' dir='ltr'>ut</span> <span class='ocrx_word' id='word_1_227' title='bbox 1215 2171 1360 2227; x_wconf 82' lang='lat' dir='ltr'>David</span> <span class='ocrx_word' id='word_1_228' title='bbox 1380 2189 1468 2218; x_wconf 89' lang='lat' dir='ltr'>non</span> 
     </span>
     <span class='ocr_line' id='line_1_29' title="bbox 87 2243 1469 2306; baseline -0.002 -16"><span class='ocrx_word' id='word_1_229' title='bbox 87 2243 217 2290; x_wconf 86' lang='lat' dir='ltr'>fuerit</span> <span class='ocrx_word' id='word_1_230' title='bbox 250 2244 295 2290; x_wconf 87' lang='lat' dir='ltr'>in</span> <span class='ocrx_word' id='word_1_231' title='bbox 317 2245 390 2291; x_wconf 80' lang='lat' dir='ltr'>illa</span> <span class='ocrx_word' id='word_1_232' title='bbox 414 2246 731 2291; x_wconf 85' lang='lat' dir='ltr'>resurrectione</span> <span class='ocrx_word' id='word_1_233' title='bbox 763 2249 1004 2306; x_wconf 81' lang='lat' dir='ltr'>justorum,</span> <span class='ocrx_word' id='word_1_234' title='bbox 1035 2244 1069 2292; x_wconf 90' lang='lat' dir='ltr'>si</span> <span class='ocrx_word' id='word_1_235' title='bbox 1102 2243 1160 2288; x_wconf 85' lang='lat' dir='ltr'>eis</span> <span class='ocrx_word' id='word_1_236' title='bbox 1192 2246 1283 2302; x_wconf 89' lang='lat' dir='ltr'>jam</span> <span class='ocrx_word' id='word_1_237' title='bbox 1309 2253 1469 2288; x_wconf 78' lang='lat' dir='ltr'>aeterna</span> 
     </span>
     <span class='ocr_line' id='line_1_30' title="bbox 87 2313 1471 2375; baseline -0.001 -16"><span class='ocrx_word' id='word_1_238' title='bbox 87 2313 251 2360; x_wconf 85' lang='lat' dir='ltr'>donata</span> <span class='ocrx_word' id='word_1_239' title='bbox 270 2327 348 2371; x_wconf 76' lang='lat' dir='ltr'>est,</span> <span class='ocrx_word' id='word_1_240' title='bbox 373 2320 497 2375; x_wconf 79' lang='lat' dir='ltr'>cujus</span> <span class='ocrx_word' id='word_1_241' title='bbox 519 2316 723 2362; x_wconf 88' lang='lat' dir='ltr'>Christus</span> <span class='ocrx_word' id='word_1_242' title='bbox 748 2334 795 2360; x_wconf 86' lang='lat' dir='ltr'>ex</span> <span class='ocrx_word' id='word_1_243' title='bbox 815 2315 975 2361; x_wconf 87' lang='lat' dir='ltr'>semine</span> <span class='ocrx_word' id='word_1_244' title='bbox 997 2325 1082 2359; x_wconf 84' lang='lat' dir='ltr'>tam</span> <span class='ocrx_word' id='word_1_245' title='bbox 1102 2313 1276 2368; x_wconf 85' lang='lat' dir='ltr'>crebro,</span> <span class='ocrx_word' id='word_1_246' title='bbox 1295 2323 1336 2358; x_wconf 87' lang='lat' dir='ltr'>et</span> <span class='ocrx_word' id='word_1_247' title='bbox 1353 2323 1471 2358; x_wconf 82' lang='lat' dir='ltr'>tanta</span> 
     </span>
     <span class='ocr_line' id='line_1_31' title="bbox 87 2383 1469 2450; baseline -0.001 -20"><span class='ocrx_word' id='word_1_248' title='bbox 87 2385 321 2442; x_wconf 82' lang='lat' dir='ltr'>evidentia,</span> <span class='ocrx_word' id='word_1_249' title='bbox 352 2397 556 2450; x_wconf 85' lang='lat' dir='ltr'>tantaque</span> <span class='ocrx_word' id='word_1_250' title='bbox 579 2387 916 2433; x_wconf 85' lang='lat' dir='ltr'>honorificentia</span> <span class='ocrx_word' id='word_1_251' title='bbox 949 2383 1298 2431; x_wconf 83' lang='lat' dir='ltr'>commendatur.</span> <span class='ocrx_word' id='word_1_252' title='bbox 1341 2383 1469 2429; x_wconf 87' lang='lat' dir='ltr'>Peri-</span> 
     </span>
     <span class='ocr_line' id='line_1_32' title="bbox 88 2453 1467 2521; baseline -0.002 -20"><span class='ocrx_word' id='word_1_253' title='bbox 88 2455 314 2502; x_wconf 87' lang='lat' dir='ltr'>clitabitur</span> <span class='ocrx_word' id='word_1_254' title='bbox 334 2458 459 2503; x_wconf 85' lang='lat' dir='ltr'>etiam</span> <span class='ocrx_word' id='word_1_255' title='bbox 476 2457 585 2507; x_wconf 82' lang='lat' dir='ltr'>illud</span> <span class='ocrx_word' id='word_1_256' title='bbox 601 2457 723 2521; x_wconf 88' lang='lat' dir='ltr'>quod.</span> <span class='ocrx_word' id='word_1_257' title='bbox 748 2457 802 2503; x_wconf 84' lang='lat' dir='ltr'>ad</span> <span class='ocrx_word' id='word_1_258' title='bbox 823 2457 1033 2504; x_wconf 66' lang='lat' dir='ltr'>Hebraeos</span> <span class='ocrx_word' id='word_1_259' title='bbox 1049 2454 1102 2500; x_wconf 89' lang='lat' dir='ltr'>de</span> <span class='ocrx_word' id='word_1_260' title='bbox 1122 2453 1250 2514; x_wconf 84' lang='lat' dir='ltr'>justis</span> <span class='ocrx_word' id='word_1_261' title='bbox 1276 2453 1467 2516; x_wconf 90' lang='lat' dir='ltr'>antiquis</span> 
     </span>
     <span class='ocr_line' id='line_1_33' title="bbox 87 2523 1467 2591; baseline -0.003 -19"><span class='ocrx_word' id='word_1_262' title='bbox 87 2525 249 2572; x_wconf 85' lang='lat' dir='ltr'>dicitur</span> <span class='ocrx_word' id='word_1_263' title='bbox 269 2546 280 2569; x_wconf 72' lang='grc' dir='ltr'>ι</span> <span class='ocrx_word' id='word_1_264' title='bbox 301 2549 320 2569; x_wconf 84' lang='lat'>&lt;‹</span> <span class='ocrx_word' id='word_1_265' title='bbox 344 2528 459 2584; x_wconf 85' lang='lat' dir='ltr'>Quia</span> <span class='ocrx_word' id='word_1_266' title='bbox 486 2546 563 2591; x_wconf 87' lang='lat' dir='ltr'>pro</span> <span class='ocrx_word' id='word_1_267' title='bbox 594 2528 722 2574; x_wconf 90' lang='lat' dir='ltr'>nobis</span> <span class='ocrx_word' id='word_1_268' title='bbox 760 2528 936 2573; x_wconf 86' lang='lat' dir='ltr'>meliora</span> <span class='ocrx_word' id='word_1_269' title='bbox 956 2523 1264 2590; x_wconf 84' lang='lat' dir='ltr'>providerunt,</span> <span class='ocrx_word' id='word_1_270' title='bbox 1289 2540 1340 2569; x_wconf 88' lang='lat' dir='ltr'>ne</span> <span class='ocrx_word' id='word_1_271' title='bbox 1376 2524 1467 2569; x_wconf 89' lang='lat' dir='ltr'>sine</span> 
     </span>
    </p>

    <p class='ocr_par' dir='ltr' id='par_1_3' title="bbox 136 2603 1371 2653">
     <span class='ocr_line' id='line_1_34' title="bbox 136 2603 1371 2653; baseline -0.001 -13"><span class='ocrx_word' id='word_1_272' title='bbox 136 2609 146 2630; x_wconf 90' lang='lat'><strong>¹</strong></span> <span class='ocrx_word' id='word_1_273' title='bbox 164 2609 271 2642; x_wconf 83' lang='lat' dir='ltr'>Matth</span> <span class='ocrx_word' id='word_1_274' title='bbox 298 2621 399 2651; x_wconf 62' lang='lat' dir='ltr'>xxm,</span> <span class='ocrx_word' id='word_1_275' title='bbox 421 2612 474 2641; x_wconf 80' lang='grc'>51.</span> <span class='ocrx_word' id='word_1_276' title='bbox 495 2630 531 2634; x_wconf 92' lang='grc'>-</span> <span class='ocrx_word' id='word_1_277' title='bbox 548 2609 563 2632; x_wconf 82' lang='lat'><strong>2</strong></span> <span class='ocrx_word' id='word_1_278' title='bbox 577 2614 678 2653; x_wconf 84' lang='lat' dir='ltr'>Apoc.</span> <span class='ocrx_word' id='word_1_279' title='bbox 701 2623 732 2652; x_wconf 78' lang='grc' dir='ltr'><strong>Γ,</strong></span> <span class='ocrx_word' id='word_1_280' title='bbox 755 2611 788 2642; x_wconf 84' lang='grc'>5.</span> <span class='ocrx_word' id='word_1_281' title='bbox 806 2628 848 2634; x_wconf 90' lang='grc'>--</span> <span class='ocrx_word' id='word_1_282' title='bbox 863 2607 877 2631; x_wconf 84' lang='grc'>3</span> <span class='ocrx_word' id='word_1_283' title='bbox 892 2611 966 2641; x_wconf 83' lang='lat' dir='ltr'>Act.</span> <span class='ocrx_word' id='word_1_284' title='bbox 986 2620 1024 2645; x_wconf 81' lang='lat'>11,</span> <span class='ocrx_word' id='word_1_285' title='bbox 1045 2620 1101 2647; x_wconf 88' lang='lat'>27.</span> <span class='ocrx_word' id='word_1_286' title='bbox 1117 2624 1163 2630; x_wconf 95' lang='grc'>--</span> <span class='ocrx_word' id='word_1_287' title='bbox 1177 2603 1191 2628; x_wconf 77' lang='lat'>4</span> <span class='ocrx_word' id='word_1_288' title='bbox 1209 2605 1292 2637; x_wconf 86' lang='lat' dir='ltr'>Ibid.</span> <span class='ocrx_word' id='word_1_289' title='bbox 1315 2616 1371 2646; x_wconf 87' lang='lat'>²9·</span> 
     </span>
    </p>
   </div>
  </div>
 </body>
</html>
