1799 3251
552 261 761 294 ΕΡιετοιΑ
797 263 889 293 cxr„
1358 249 1417 296 35

56 353 77 373 υ
93 348 183 377 ossa
202 348 296 376 mea
309 330 373 377 1.»
395 328 515 387 Quid
535 339 635 375 sunt
660 345 769 384 ossa,
795 327 874 373 nisi
898 327 1093 391 corporis
1110 329 1382 376 firmamenta
1401 333 1419 376 P

57 401 230 464 Corpus
254 412 396 447 autem
421 400 611 454 Christi,
639 398 840 445 Ecclesia.
866 398 1156 444 Firmamenta
1179 410 1322 444 autem
1346 402 1424 446 Ec-

56 471 196 517 clesiae
219 472 312 535 qui,
344 471 425 516 nisi
453 469 648 533 Apostoli
670 506 680 524 ‚
701 470 777 532 qui
796 469 924 514 etiam
946 467 1162 514 columnae
1187 468 1289 513 alibi
1309 486 1426 515 nun-

56 545 307 605 cupantur?
343 542 400 588 Hi
426 542 575 604 utique
606 539 784 603 dispersi
811 550 939 595 sunt,
975 556 1075 584 cum
1109 539 1162 584 ad
1186 538 1426 601 passionem

55 612 147 675 ipse
165 611 411 668 duceretur,
431 612 498 658 vel
517 628 616 657 cum
636 620 739 656 esset
758 626 906 672 passus
918 620 960 654 et
978 620 1187 655 mortuus.
1206 630 1226 650 <‹
1245 612 1427 657 Factum

57 703 77 725 »
99 693 162 728 est
185 699 284 742 ergo
310 700 384 732 cor
408 699 551 728 meum
591 693 798 744 tanquam
828 697 924 725 cera
951 679 1190 743 liquescens
1213 679 1258 724 in
1284 680 1428 728 medio

57 773 78 799 ))
90 753 251 798 ventris
266 752 499 805 mei.›>Hoc
516 769 614 797 sane
640 749 1010 815 quemadmodum
1036 749 1169 814 capiti
1193 759 1340 794 nostro
1365 750 1431 813 ip-

56 822 143 869 sius
181 823 374 901 corporis
407 822 611 868 salvatori
634 832 863 885 coaptetur
882 858 893 876 ‚
926 820 1119 866 invenire
1149 819 1326 865 difficile
1348 831 1423 867 est.

57 894 208 957 Neque
229 893 343 939 enim
376 894 458 939 nisi
484 910 637 953 magno
670 910 830 956 pavore
863 891 1105 951 contingit,
1136 901 1183 936 ut
1213 907 1288 935 cor
1314 890 1431 936 velut

57 981 154 1010 cera
176 964 388 1027 liquescat
414 964 690 1009 humanum:
722 962 838 1026 quod
865 961 1010 1008 unde
998 979 1042 1006 m
1063 928 1138 1007 illo
1157 961 1248 1006 fieri
1268 971 1427 1035 posset,

57 1035 134 1099 qui
165 1046 417 1099 potestatem
452 1036 650 1081 habebat
676 1033 865 1098 ponendi
899 1043 940 1079 et
974 1031 1215 1096 recipiendi
1244 1048 1432 1077 animam

57 1106 239 1152 suam2?
260 1105 333 1152 sed
354 1105 548 1169 profecto
569 1116 643 1151 aut
663 1106 937 1151 infirmorum
961 1120 1139 1148 sumum
1163 1102 1208 1147 in
1225 1119 1267 1147 se
1290 1112 1434 1147 trans-

62 1175 161 1221 tulit
183 1193 358 1229 causam
381 1213 392 1232 ,
419 1176 505 1221 sive
531 1175 707 1221 illorum
738 1176 816 1238 qui
847 1185 963 1220 metu
990 1174 1137 1219 mortis
1161 1183 1430 1236 pavescunt,

59 1245 172 1292 sicut
194 1247 285 1310 ipse
309 1248 464 1292 Petrus
490 1263 537 1291 ex
557 1247 723 1306 egregio
740 1254 1059 1308 praesumptore
1084 1255 1171 1289 tam
1187 1243 1337 1288 creber
1355 1260 1432 1288 ne-

58 1327 181 1377 gator
197 1318 372 1362 effectus
392 1336 404 1370 ς
424 1317 511 1362 sive
531 1316 704 1361 illorum
730 1316 807 1378 qui
831 1315 1001 1360 tristitia
1019 1313 1184 1359 salubri
1201 1312 1433 1358 contabes-

58 1399 165 1434 cunt
182 1425 193 1444 ,
234 1388 346 1434 sicut
372 1387 486 1433 idem
511 1387 602 1451 ipse
630 1389 784 1433 Petrus
811 1403 912 1432 cum
939 1403 1081 1432 amare
1103 1384 1234 1431 flevit.
1263 1383 1373 1429 Nam
1392 1396 1433 1430 et

58 1459 229 1513 tristitia
249 1458 371 1522 quasi
394 1458 523 1504 solvit
541 1475 615 1504 cor
638 1476 648 1503 :
675 1457 788 1503 unde
815 1457 976 1502 dicitur
1003 1456 1132 1501 etiam
1153 1471 1291 1515 graece
1314 1454 1433 1518 quod

59 1530 275 1594 appellata
308 1529 362 1575 sit
383 1534 504 1580 λύπη.
547 1531 633 1575 Aut
669 1539 783 1575 certe
816 1526 1085 1591 profundum
1115 1536 1434 1571 sacramentum

55 1618 133 1649 nos
159 1600 395 1660 intelligere
423 1600 586 1657 voluit,
622 1611 669 1645 ut
698 1600 840 1646 cordis
867 1599 932 1644 sui
964 1597 1138 1644 nomine
1169 1597 1430 1656 significaret

60 1671 309 1735 Scripturas
331 1688 445 1726 suas,
470 1671 548 1717 ubi
576 1674 667 1730 ejus
688 1671 837 1734 utique
858 1669 1021 1715 latebat
1042 1667 1288 1723 consilium,
1313 1667 1431 1730 quod

62 1752 167 1788 tunc
196 1752 394 1805 apertum
417 1752 506 1795 est,
532 1758 632 1786 cum
668 1758 715 1786 ea
740 1757 838 1803 quae
865 1739 918 1784 de
939 1738 1014 1784 illo
1050 1737 1312 1801 plophetata
1334 1737 1431 1782 fue-

60 1817 164 1853 runt
182 1825 257 1871 pas
242 1823 330 1852 sus
348 1805 557 1869 implevit.
590 1805 752 1851 Solutae
771 1815 870 1850 suut
888 1821 987 1863 ergo
1011 1803 1252 1864 Scripturae
1276 1805 1367 1861 eJus
1385 1804 1429 1848 in

59 1877 133 1934 iis
156 1894 255 1941 quae
282 1875 471 1940 perfecta
489 1886 589 1921 sunt
615 1875 804 1921 adventu
826 1878 934 1934 ejus,
956 1872 1198 1919 nativitate
1214 1871 1429 1934 passione,

59 1947 372 2000 resurrectione
389 1983 400 2002 ,
430 1945 757 2005 glorificatione.
797 1945 906 2001 Quis
926 1943 1039 1989 enim
1065 1946 1157 2002 jam
1180 1959 1228 1987 ea
1252 1959 1339 1988 nou
1357 1942 1431 1988 in-

59 2018 214 2082 telligit
231 2019 276 2064 in
304 2017 538 2080 Prophetis
554 2054 565 2073 ‚
593 2016 772 2080 quando
792 2032 924 2079 usque
945 2014 1000 2060 ad
1017 2013 1284 2059 intellectum
1303 2012 1431 2060 etiam

60 2087 245 2134 carnalis
268 2086 561 2133 multitudinis
584 2088 906 2150 pervenerunt?
931 2101 1063 2149 quam
1086 2083 1262 2129 fortasse
1293 2083 1428 2143 signi-

61 2159 209 2206 ficavit
236 2157 380 2204 medio
408 2157 568 2203 ventris
599 2158 691 2213 sui,
721 2168 770 2202 ut
792 2157 835 2203 in
862 2160 952 2216 ejus
988 2171 1202 2219 corpore,
1228 2153 1347 2217 quod
1370 2165 1432 2207 est

63 2228 274 2285 Ecclesia,
298 2227 422 2292 quasi
435 2227 596 2289 ventris
616 2226 762 2281 locum
778 2227 939 2272 habeat
956 2225 1139 2277 carnalis
1158 2235 1200 2278 et
1218 2224 1430 2270 infirmior

61 2299 315 2346 multitudo.
339 2302 425 2345 Aut
447 2299 481 2344 si
504 2298 662 2345 ventris
686 2315 843 2351 nomen
865 2297 998 2358 magis
1017 2296 1294 2347 interioribus
1310 2311 1430 2348 com-

61 2371 170 2434 petit
192 2408 202 2428 ‚
225 2370 280 2416 ad
298 2386 367 2416 eos
384 2370 549 2433 potiUS‚
569 2370 642 2433 qui
659 2369 933 2432 perfectiores
955 2379 1071 2422 sunt,
1096 2367 1425 2430 Scripturarum

61 2442 328 2498 intellectum
355 2441 570 2506 pertinere
594 2452 877 2497 monstratum
903 2451 966 2487 est
982 2478 993 2497 ‚
1024 2457 1125 2492 cum
1150 2456 1226 2485 cor
1243 2441 1332 2499 ejus
1350 2475 1361 2494 ‚
1382 2438 1427 2484 id

63 2525 124 2560 est:
156 2513 398 2579 Scripturae
419 2517 542 2576 eJ'us,
576 2530 678 2578 quae
716 2513 940 2560 continent
973 2511 1199 2558 consilium
1235 2513 1356 2569 eJ'us,
1385 2510 1429 2555 iu

113 2598 122 2620 ¹
141 2597 223 2631 Psal.
240 2608 302 2636 xxx,
325 2599 374 2629 15.
391 2614 433 2621 =-
447 2595 463 2619 ²
482 2599 576 2629 Joan.
595 2608 625 2635 x,
649 2598 699 2628 ¹8.

1257 2652 1298 2696 3=
