1799 3251
607 291 817 322 urlsroLA
856 292 938 324 cm.
1367 281 1458 329 203

87 367 151 403 ret
184 357 402 410 inclusus;
441 355 669 402 horrendis
700 357 739 403 ei
776 358 1028 420 poenalibus
1060 359 1271 417 tenebris,
1315 378 1462 408 omnes

88 444 176 473 non
202 437 370 472 tantum
406 443 597 472 carceres
617 463 627 481 ‚
663 426 737 472 sed
764 427 891 472 etiam
921 427 1079 474 inferos
1101 429 1239 474 vincit
1271 430 1466 476 scelerati

87 497 276 543 hominis
299 497 575 542 conscientia.
614 497 714 542 Tibi
734 497 862 542 etiam
893 498 1001 560 quid
1031 498 1212 555 nocuit,
1238 502 1363 559 cujus
1386 500 1464 546 etsi

88 566 248 612 famam
273 566 458 625 graviter
476 565 585 611 laesit
601 603 611 621 ‚
640 577 778 611 tamen
805 567 1099 612 innocentiam
1132 586 1221 614 non
1245 570 1464 632 peremit?

91 635 302 691 Quamvis
325 636 438 680 fama
459 652 633 699 quoque
654 636 746 698 ipsa
772 636 886 681 salva
913 637 986 692 sit,
1019 647 1060 682 et
1079 637 1199 700 apud
1220 655 1290 684 eos
1320 639 1396 702 qui
1426 650 1467 685 te

91 705 243 750 melius
264 716 477 751 noverunt
495 723 628 769 quam
649 723 725 751 nos
743 742 753 763 ⁷
773 718 814 752 et
841 707 960 769 apud
984 724 1059 753 nos
1083 707 1200 771 ipsos
1218 744 1228 761 ‚
1246 709 1323 771 qui
1345 725 1470 754 curas

92 775 321 820 nobiscum
348 785 465 830 11135,
505 792 558 820 110
590 786 678 820 13111
713 775 902 821 immane
937 787 1265 840 perpetraretur
1296 778 1434 824 scelus
1455 814 1466 834 ‚

94 854 215 890 tanto
237 861 453 907 expressas
475 845 816 908 inspiciebamus
835 847 987 892 affeetu
1007 883 1016 901 ‚
1042 857 1089 892 ut
1110 847 1175 892 tui
1190 847 1332 910 cordis
1348 848 1467 895 invi-

95 915 237 960 sibilia
264 931 374 976 pene
408 914 544 960 oculis
570 932 853 961 cerneremus.
898 916 993 961 Sibi
1022 916 1156 976 igitur
1191 916 1262 963 ille
1286 918 1471 974 nocuit,

96 983 312 1047 quidquid
333 984 509 1038 nocuit;
537 1001 658 1030 suam
684 985 893 1030 transfixit
918 986 1124 1042 animam,
1153 1004 1275 1032 suam
1305 987 1469 1044 vitam,

98 1070 218 1099 suam
237 1054 569 1113 00115010111131119
602 1072 723 1101 5113111
744 1056 930 1119 denique
958 1057 1097 1120 ipsam
1120 1057 1279 1103 famam
1303 1093 1314 1114 ‚
1340 1071 1472 1121 quam

97 1124 258 1169 bonam
278 1124 414 1169 solent
431 1125 559 1170 etiam
583 1125 755 1188 pessimi
780 1127 1088 1188 concupiscere
1106 1163 1118 1183 ,
1144 1143 1260 1173 caeca
1280 1126 1354 1173 illa
1377 1143 1474 1173 cru-

99 1194 273 1240 delitate
290 1196 473 1242 vastavit
507 1197 649 1241 Tanto
667 1196 780 1241 enim
794 1206 857 1241 est
873 1196 1062 1242 odiosior
1079 1197 1284 1242 omnibus
1310 1197 1438 1243 bonis
1460 1234 1472 1253 ‚

98 1274 264 1327 quanto
288 1265 616 1328 11138151111111151
641 1265 813 1328 placere
841 1276 1022 1311 conatus
1049 1277 1144 1322 est,
1168 1266 1236 1312 vel
1262 1267 1476 1330 placuisse

101 1334 287 1381 laetatus.

167 1406 246 1450 XI.
278 1405 365 1450 Ubi
384 1415 525 1450 autem
547 1405 681 1465 magis
708 1406 853 1468 potuit
877 1422 1085 1469 apparere
1104 1443 1114 1461 ‚
1150 1423 1238 1451 non
1267 1423 1367 1452 eum
1394 1404 1481 1451 ha-

103 1474 245 1520 buisse
267 1475 557 1521 necessitatem
579 1512 589 1530 ‚
627 1492 759 1538 quam
785 1492 826 1520 se
861 1476 1024 1521 habere
1048 1475 1282 1533 confinxit,
1319 1486 1368 1521 ut
1391 1479 1481 1535 ejus

105 1545 289 1590 obtentu
317 1555 526 1609 tanquam
559 1546 701 1591 11011115
724 1546 884 1613 faceret
915 1555 1087 1592 tantum
1108 1545 1286 1591 malum
1310 1580 1320 1602 ‚
1345 1562 1481 1610 quam

105 1616 224 1678 quod
250 1632 329 1661 nec
352 1615 415 1661 illi
434 1616 620 1679 placuit,
648 1616 702 1661 de
727 1620 849 1675 eujus
869 1627 1093 1679 praecepto
1118 1633 1160 1661 50
1180 1632 1305 1661 3115115
1328 1626 1388 1661 051
1408 1633 1481 1661 ex-

107 1689 290 1732 cusare?
314 1685 489 1732 Referat
518 1686 783 1749 praestantiae
815 1697 900 1731 tuae
930 1696 1102 1731 sanctus
1135 1685 1346 1731 diaconus
1365 1722 1376 1740 ‚
1405 1684 1484 1749 qui

108 1773 187 1819 per
211 1757 265 1801 N.
292 1773 443 1802 manus
462 1793 472 1811 ,
495 1756 587 1819 ipse
609 1756 720 1801 enim
741 1755 880 1801 fuerat
904 1756 1130 1819 episcopo,
1155 1772 1283 1818 quem
1304 1772 1386 1818 pro
1405 1754 1488 1800 illis

110 1825 381 1881 miseramus,
412 1826 643 1886 adjunctus
665 1863 675 1881 ‚
705 1825 1078 1889 quemadmodum
1103 1842 1183 1870 nec
1215 1824 1488 1885 indulgentia

110 1895 194 1940 illis
212 1895 355 1941 danda
375 1896 461 1942 visa
479 1907 562 1952 051,
584 1914 636 1941 110
662 1896 729 1941 vel
756 1896 815 1941 sic
841 1896 986 1959 aliquo
1004 1895 1185 1941 crimine
1202 1905 1460 1941 notarentur
1478 1914 1490 1948 3

111 1965 185 2010 sed
207 1976 372 2011 tantum
397 1967 779 2012 commonitorium
805 2003 814 2021 ‚
849 1983 937 2030 quo
961 1983 1030 2011 eos
1052 1966 1107 2010 ab
1143 1965 1263 2010 omni
1295 1964 1492 2010 molestia

112 2035 272 2082 liberos
290 2036 505 2082 dimittere
523 2038 765 2096 juberetur.
798 2037 1004 2082 Gratuita
1040 2036 1174 2096 igitur
1207 2034 1465 2081 crudelitate
1482 2070 1494 2092 ,

114 2106 236 2152 nulla
259 2107 506 2153 necessitate
524 2146 534 2163 ,
564 2107 792 2170 (quamvis
808 2144 818 2162 ‚
846 2117 888 2152 et
910 2106 1004 2152 aliae
1033 2123 1202 2170 causae,
1221 2123 1328 2170 quas
1349 2105 1495 2168 suspi-

117 2193 285 2232 camur,
303 2195 383 2223 nec
407 2195 517 2241 opus
542 2188 604 2222 est
630 2177 901 2224 committere
920 2176 1089 2233 litteris,
1114 2176 1291 2222 forsitan
1310 2175 1496 2236 fuerint)

120 2248 320 2293 atrociter
340 2249 610 2294 contristavit
633 2248 883 2294 Ecclesiam.
916 2247 985 2294 Ad
1016 2251 1145 2307 cujus
1170 2246 1375 2292 Ecclesiae
1394 2263 1493 2306 gre-

119 2319 256 2364 mium
280 2319 412 2366 frater
437 2324 526 2379 ejus
553 2330 745 2365 metuens
768 2320 908 2382 perire
932 2318 1185 2378 confugerat
1206 2354 1217 2372 ‚
1243 2327 1293 2363 ut
1315 2333 1414 2362 eum
1434 2317 1497 2362 vi-

122 2404 225 2436 vum
251 2391 358 2436 tanti
375 2391 544 2437 sceleris
566 2390 859 2437 consiliarium
881 2389 1102 2453 reperiret.
1127 2391 1265 2448 Cujus
1291 2386 1500 2434 Ecclesiae

123 2461 251 2506 etiam
271 2462 385 2525 ipse,
411 2477 513 2508 cum
532 2472 768 2526 patronum
796 2460 1073 2517 offendisset,
1109 2459 1265 2524 petivit
1299 2457 1467 2521 asylum
1485 2494 1498 2514 ,

125 2548 204 2577 nec
222 2531 258 2577 ei
282 2533 427 2595 potuit
445 2532 660 2593 denegari.
691 2532 824 2579 Hunc
845 2531 879 2578 si
907 2530 1051 2592 diligis
1070 2568 1081 2589 ,
1103 2530 1311 2578 detestare
1329 2548 1340 2584 ;
1361 2528 1395 2575 si
1414 2542 1502 2574 non

175 2616 185 2637 ¹
203 2616 385 2649 Donatistis,
