1799 3251
307 350 399 406 450
713 361 747 391 s.
791 358 1034 394 Arousrrm
1069 360 1270 393 Ertscopt

307 435 434 483 idolis
454 434 535 498 ipsi
554 433 884 497 perimerentur.
913 433 1022 479 Nam
1047 433 1202 493 singuli
1219 434 1383 498 quique
1402 435 1680 484 valentissimi

306 510 486 566 JuveneS
511 503 698 550 cultores
718 501 956 560 idolorum,
984 504 1080 567 quis
1105 513 1212 567 quot
1233 504 1449 551 occideret
1465 507 1568 570 ipsis
1588 506 1681 553 ido-

309 578 360 623 lis
390 591 543 622 vovere
578 583 903 620 consueverant.
939 573 1130 630 Quidam
1161 574 1285 619 etiam
1320 592 1361 620 se
1397 576 1682 635 trucidandos

313 645 488 693 armatis
510 644 752 691 viatoribus
789 644 1064 704 ingerebant,
1104 662 1381 708 percussuros
1409 664 1478 692 eos
1502 665 1543 693 se
1564 685 1575 704 ‚
1602 646 1682 693 nisi

312 718 368 764 ab
391 717 448 762 eis
471 715 811 779 perimerentur,
844 715 1094 761 terribiliter
1114 716 1438 764 comminantes.
1470 718 1683 763 Nonnun-

311 804 444 853 quam
468 797 510 832 et
533 804 555 831 a
574 785 803 846 judicibus
836 787 1158 831 transeuntibus
1183 788 1495 849 extorquebant
1517 788 1683 834 violen-

313 871 405 913 tcr‚
448 868 497 902 ut
532 875 555 902 a
588 856 868 902 carnificibus
907 857 975 903 vel
1014 858 1068 902 ab
1104 856 1245 903 officio
1279 857 1521 906 ferirentur.
1560 858 1685 905 Unde

311 929 492 994 quidam
527 927 622 973 illos
659 927 719 973 sic
754 927 933 973 illusisse
972 928 1252 991 perhibetur,
1290 940 1336 974 ut
1372 947 1442 975 eos
1478 940 1685 993 tanquam

314 997 620 1065 percutiendos
648 997 770 1056 ligari
795 1010 836 1042 et
868 997 1031 1043 dimitti
1057 998 1257 1058 juberet,
1294 1010 1422 1062 atque
1454 1000 1511 1046 ita
1535 1016 1687 1046 eorum

312 1070 526 1132 impetum
548 1067 799 1113 incruentus
834 1078 875 1112 et
908 1067 1067 1113 illaesus
1098 1069 1309 1115 evaderet.
1350 1070 1447 1115 Jam
1483 1087 1584 1116 vero
1610 1086 1688 1133 per

316 1140 503 1202 abrupta
530 1137 800 1203 praecipitia,
840 1155 917 1200 per
956 1155 1089 1200 aquas
1124 1148 1166 1183 et
1199 1139 1393 1184 flammas
1424 1140 1621 1186 occidere
1648 1148 1690 1185 se

314 1212 456 1275 ipsos,
496 1208 777 1272 quotidianus
810 1209 894 1254 illis
928 1207 1059 1254 ludus
1093 1207 1191 1256 fuit.
1234 1210 1342 1255 IIaec
1368 1210 1482 1256 enim
1515 1227 1584 1256 eos
1608 1210 1690 1256 tria

315 1280 465 1327 mortis
489 1296 641 1339 genera
659 1277 860 1324 diabolus
883 1278 1060 1335 docuit,
1086 1289 1135 1324 ut
1155 1279 1263 1325 mori
1287 1279 1489 1337 volentes,
1513 1280 1691 1343 quando

316 1368 404 1398 non
425 1350 705 1396 inveniebant
730 1365 858 1412 quem
891 1360 1125 1405 terrerent,
1149 1360 1196 1395 ut
1224 1353 1313 1410 ejus
1339 1350 1482 1410 gladio
1509 1346 1693 1396 ferirenss

320 1436 412 1482 tur,
436 1440 513 1487 per
538 1437 632 1466 saxa
670 1436 710 1464 se
743 1419 993 1474 mitterent,
1024 1430 1096 1465 aut
1126 1420 1329 1479 ignibus,
1362 1421 1694 1484 gurgitibusque

318 1495 544 1542 donarent.
579 1490 688 1547 Quis
707 1500 851 1535 autem
878 1489 971 1535 illos
996 1489 1095 1536 haec
1119 1490 1318 1536 docuisse
1341 1489 1582 1536 credendus
1606 1501 1693 1549 est,

316 1565 539 1631 possidens
558 1579 633 1608 cor
658 1578 827 1613 eorum,
852 1561 932 1606 nisi
954 1561 1025 1607 ille
1046 1562 1122 1625 qui
1140 1571 1182 1607 et
1203 1561 1417 1607 Salvatori
1445 1573 1591 1607 nostro
1608 1599 1619 1618 ‚
1646 1569 1695 1608 ut

319 1654 360 1683 se
384 1636 436 1682 de
452 1634 585 1698 pinna
612 1630 765 1694 templi
787 1631 1115 1694 praecipitaret,
1146 1642 1357 1695 tanquam
1376 1632 1429 1677 de
1450 1636 1561 1692 Lege
1591 1648 1696 1692 sug-

319 1706 509 1768 gessit1?
547 1705 684 1763 Cujus
721 1703 1036 1762 suggestionem
1065 1721 1089 1748 a
1127 1721 1169 1749 se
1205 1704 1354 1767 utique
1377 1703 1692 1766 prohiberent,

320 1779 354 1824 si
376 1776 629 1836 magistrum
661 1771 885 1818 Christum
915 1773 959 1818 in
985 1772 1115 1819 corde
1136 1785 1377 1838 portarent.
1410 1773 1494 1819 Sed
1516 1773 1621 1837 quia
1651 1773 1697 1819 in

320 1867 362 1895 se
377 1846 553 1894 diabolo
579 1844 724 1908 potius
743 1843 956 1889 dederunt
972 1844 1137 1901 locum,
1161 1856 1235 1890 aut
1259 1845 1319 1890 sic
1342 1855 1520 1907 pereunt
1539 1861 1697 1907 quem-

323 1917 560 1965 admodum
583 1932 680 1975 grex
707 1913 778 1959 ille
807 1931 1041 1976 porcorum
1064 1952 1074 1971 ,
1100 1933 1229 1978 quem
1254 1915 1307 1961 de
1335 1926 1479 1960 monte
1506 1914 1551 1960 in
1582 1930 1699 1959 mare

323 1990 454 2036 turba
479 1988 728 2033 daemonum
761 1985 974 2045 dejecit2:
1004 1997 1077 2031 aut
1098 1986 1182 2032 illis
1216 1986 1431 2031 mortibus
1466 1985 1630 2048 erepti,
1657 1994 1699 2030 et

323 2061 398 2126 pio
434 2057 582 2104 matris
618 2055 864 2101 Catholicae
899 2057 1061 2115 gremio
1092 2056 1294 2112 collecti,
1324 2057 1383 2101 ita
1414 2055 1660 2101 liberantur
1683 2092 1695 2112 ,

325 2124 697 2195 quemadmodum
715 2135 817 2170 esta
840 2125 1028 2170 Domino
1055 2125 1264 2171 liberatus
1280 2164 1291 2183 ,
1315 2143 1444 2189 quem
1468 2136 1592 2189 pater
1611 2129 1701 2185 ejus

326 2221 348 2247 a
377 2197 595 2245 daemonio
621 2194 862 2241 sanandum
892 2196 1084 2252 obtulit,
1116 2196 1290 2251 dicens,
1320 2195 1440 2258 quod
1466 2194 1701 2259 aliquando

325 2271 477 2318 cadere
494 2269 537 2314 in
558 2283 714 2329 aquam
737 2302 747 2320 ‚
777 2265 1012 2328 aliquando
1039 2267 1083 2311 in
1107 2267 1269 2326 ignem,
1290 2265 1488 2312 soleret3.

392 2340 519 2386 XIII.
549 2336 676 2383 Unde
700 2353 854 2396 magna
870 2336 915 2381 in
934 2354 1007 2382 eos
1033 2337 1082 2381 fit
1105 2336 1400 2382 misericordia
1417 2374 1427 2391 ‚
1455 2352 1556 2381 cum
1572 2335 1702 2381 etiam

332 2430 407 2477 per
435 2411 534 2455 istas
558 2409 878 2470 Imperatorum
898 2407 1032 2466 leges,
1058 2407 1114 2452 ab
1136 2407 1208 2452 illa
1233 2418 1346 2452 secta
1365 2444 1375 2462 ‚
1404 2407 1482 2452 ubi
1509 2424 1584 2469 per
1599 2405 1703 2451 doc-

331 2484 464 2530 trinas
484 2477 802 2524 daemoniorum
833 2477 1265 2540 mendaciloquorum
1294 2477 1406 2523 mala
1430 2478 1508 2522 ista
1533 2475 1704 2522 didice-

331 2562 435 2601 runt
452 2587 462 2605 ,
488 2548 609 2612 prius
629 2547 875 2609 eripiuntur
900 2547 1028 2592 inviti
1044 2585 1054 2603 ,
1079 2558 1125 2592 ut
1148 2548 1191 2592 in
1211 2547 1436 2592 Catholica
1455 2556 1602 2609 postea
1618 2545 1704 2591 bo-

332 2625 396 2670 nis
426 2617 660 2684 praeceptis
691 2628 733 2662 et
759 2617 956 2662 moribus
994 2628 1198 2662 sanentur
1223 2618 1390 2663 assueti.
1440 2617 1550 2660 Nam
1580 2614 1704 2661 multi

379 2707 480 2737 lLue.
498 2714 542 2740 iv,
561 2713 591 2742 9.
610 2719 651 2724 —
666 2699 681 2721 2
697 2698 796 2732 Marc.
812 2711 842 2741 v,
864 2702 915 2731 13.
930 2718 972 2724 —
989 2697 1002 2722 3
1017 2702 1064 2733 td.
1083 2709 1234 2741 xv11‚1.·;.
