1799 3251
313 333 405 388 342
735 345 770 372 s.
813 342 1056 373 mausum
1093 344 1295 374 EPISCOPI

308 425 387 457 nos
406 424 492 456 non
504 420 629 470 cogat
647 409 785 453 Deum
802 406 975 452 credere
990 407 1178 453 ullarum
1193 408 1436 455 animarum
1449 411 1538 455 sine
1552 410 1686 474 culpa

313 481 457 544 aliqua
484 479 798 525 damnatorem.
814 476 925 521 Nam
951 477 1019 522 vel
1041 477 1311 523 tantumdem
1336 478 1467 535 valet,
1493 477 1562 525 vel
1587 479 1687 543 plus

312 563 373 599 est
396 549 573 597 forsitan
587 565 746 603 creare,
765 563 897 610 quam
915 548 1076 607 fingere
1096 559 1166 593 :et
1192 560 1336 594 tamen
1356 551 1568 613 scriptum
1587 561 1653 596 eet
1671 567 1684 596 z

317 622 437 669 «Gor
454 621 664 667 mundum
688 636 785 666 crea
801 618 845 663 in
872 634 952 674 me,
980 619 1095 663 Deus
1113 619 1146 665 1.
1169 640 1188 660 >2
1215 620 1303 665 Nec
1326 621 1423 666 ideo
1442 621 1589 684 putari
1612 637 1690 684 poe

316 704 414 749 test,
432 694 618 739 animam
641 691 728 736 hoc
750 689 846 734 loco
868 699 1019 751 optare
1036 706 1077 733 se
1102 690 1210 742 fieri,
1229 690 1349 752 prius
1372 708 1503 754 quam
1523 690 1690 753 aliquid

318 770 438 811 esset.
459 765 582 809 Sicut
599 765 798 821 ergojam
815 760 993 804 existens
1010 770 1183 805 creatur
1201 760 1689 821 innovationejustitiae‚

319 828 381 880 sic
394 838 484 894 jam
509 833 686 878 existens
709 830 889 889 fingitur
907 828 1253 875 conformatione
1270 830 1497 877 doctrinae.
1526 832 1615 876 Nec
1637 831 1694 876 il-

317 904 394 950 lud
410 903 530 967 quod
549 903 593 948 in
613 901 868 947 Ecclesiaste
882 900 1091 962 scriptum
1112 911 1202 945 est:
1229 921 1248 942 «
1271 901 1398 948 Tunc
1420 911 1696 947 convertetur

320 997 341 1017 n
357 975 401 1021 in
423 985 582 1020 terram
602 971 748 1035 pulvis
767 970 992 1025 sicutfuit‚
1015 981 1055 1015 et
1071 971 1250 1034 spiritus
1268 982 1505 1017 revertetur
1528 971 1583 1018 ad
1612 973 1697 1017 Do-

327 1066 347 1086 »
366 1044 531 1089 minum
553 1042 629 1104 qui
649 1040 768 1086 dedit
786 1039 907 1084 illum
930 1041 947 1068 2
966 1057 976 1084 :
997 1041 1152 1085 »istam
1173 1042 1404 1086 confirmat
1418 1043 1694 1098 sententiam,

322 1124 454 1178 quani
475 1112 674 1157 volumus
697 1126 781 1155 esse
800 1120 1008 1156 nostram.
1039 1109 1147 1155 Plus
1187 1111 1303 1155 enim
1335 1110 1422 1156 hoc
1442 1113 1699 1171 suffragatur

319 1185 393 1237 eis,
411 1182 486 1246 qui
512 1199 560 1226 ex
592 1197 677 1227 uua
702 1187 860 1242 putant
904 1195 1052 1224 omnes
1092 1196 1179 1224 esse
1219 1180 1398 1226 animas,
1430 1181 1540 1225 Nam
1579 1182 1691 1226 sicut

319 1252 607 1307 convertitur,
640 1248 866 1312 inquiunt,
903 1249 1049 1310 pulvis
1084 1249 1131 1294 iu
1174 1259 1350 1304 terram,
1390 1250 1503 1295 sicut
1525 1250 1701 1303 fuit3et

321 1335 466 1369 tamen
485 1339 601 1375 caro,
626 1320 680 1366 de
704 1336 789 1382 qua
811 1319 896 1364 hoc
914 1319 1081 1364 dictum
1103 1330 1182 1374 est,
1208 1319 1262 1364 ad
1284 1320 1503 1365 hominem
1524 1337 1611 1366 non
1629 1337 1698 1366 re-

326 1392 529 1448 vertitur,
556 1409 602 1436 ex
627 1407 715 1453 quo
731 1399 971 1451 propagata
990 1401 1070 1443 est,
1096 1389 1168 1434 sed
1195 1390 1248 1434 ad
1271 1401 1444 1443 terram,
1474 1390 1589 1436 unde
1606 1389 1702 1454 pri-

322 1479 418 1508 mus
437 1463 570 1508 homo
589 1461 728 1507 factus
744 1470 828 1505 cst:
851 1461 910 1505 sic
927 1470 969 1504 et
991 1460 1169 1522 spiritus
1193 1477 1238 1505 ex
1261 1461 1377 1505 illius
1397 1461 1524 1506 unius
1546 1462 1703 1524 spiritu

328 1543 616 1597 propagatus,
643 1548 730 1576 non
761 1540 903 1575 tamen
943 1530 997 1575 ad
1022 1546 1118 1575 eum
1145 1533 1404 1584 revestitum
1433 1532 1505 1576 sed
1531 1533 1584 1577 ad
1609 1533 1703 1577 Doa

329 1605 511 1657 minum,
528 1602 732 1665 aquoilli
759 1601 884 1646 datus
896 1611 970 1647 est.
998 1601 1156 1646 Verum
1182 1602 1386 1664 quiahoc
1406 1602 1703 1647 testimonium

330 1675 389 1719 ita
412 1689 493 1736 pro
527 1672 617 1717 istis
635 1681 775 1725 sonat,
801 1681 847 1716 ut
883 1687 970 1715 non
1012 1670 1128 1715 omni
1168 1671 1298 1716 modo
1335 1671 1440 1717 huic
1486 1672 1702 1734 opinioni,

327 1756 461 1806 quam
482 1741 656 1787 defendi
674 1741 789 1789 volo.
820 1741 1019 1787 videatur
1043 1757 1127 1785 esse
1157 1742 1446 1796 contrarium,
1472 1740 1707 1787 admonen-

328 1813 429 1858 dam
455 1823 623 1857 tantum
644 1811 810 1857 credidi
841 1810 1120 1874 prudentiam
1159 1822 1297 1863 tuam,
1326 1828 1378 1856 ne
1405 1811 1566 1856 talibus
1587 1812 1708 1857 testi-

329 1882 484 1928 moniis
502 1899 549 1926 ex
568 1882 637 1926 his
654 1881 860 1940 angustiis
880 1898 945 1926 me
965 1882 1130 1926 coneris
1149 1898 1310 1927 eruere.
1334 1881 1444 1926 Nam
1463 1880 1562 1926 licet
1581 1897 1708 1926 nemo

328 1950 461 1997 faciat
486 1950 698 2013 optando‚
747 1961 794 1995 ut
818 1966 966 1994 verum
1001 1950 1055 1994 sit
1079 1950 1196 2012 quod
1225 1967 1372 1995 verum
1400 1967 1487 1995 non
1512 1961 1573 1996 est
1596 1968 1607 1995 ι
1637 1961 1709 1995 ta-

334 2035 433 2067 men
455 2022 488 2067 si
512 2022 602 2066 sieri
619 2030 776 2083 posset,
801 2031 995 2082 optarem
1024 2031 1071 2064 ut
1090 2021 1186 2065 haec
1206 2020 1413 2065 sententia
1432 2038 1531 2065 vera
1573 2031 1706 2065 esset:

345 2092 457 2136 sicut
475 2101 597 2153 opto,
624 2101 671 2135 ut
694 2091 725 2135 si
750 2106 848 2134 vera
866 2100 944 2145 est,
972 2089 1103 2135 abste
1124 2089 1406 2152 liquidissime
1431 2100 1556 2154 atque
1574 2091 1717 2137 invic-

338 2161 497 2206 tissime
517 2159 788 2206 defendatur.

398 2231 585 2277 XXVll.
631 2231 738 2275 Haec
763 2242 903 2276 autem
928 2230 1161 2276 difficultas
1196 2230 1326 2275 etiarn
1364 2230 1459 2276 illos
1496 2231 1709 2294 sequitur,

329 2302 406 2366 qui
444 2305 535 2360 jam
559 2300 780 2345 existentes
816 2301 920 2346 alibi
947 2302 1125 2350 animas,
1154 2311 1195 2345 et
1224 2301 1278 2345 ab
1311 2301 1436 2346 initio
1457 2300 1708 2346 divinorum

330 2390 513 2436 operum
534 2383 818 2435 praeparatas,
849 2391 871 2418 a
897 2373 988 2418 Deo
1011 2373 1124 2418 mitti
1147 2373 1388 2435 opinantur
1424 2373 1469 2418 in
1507 2389 1708 2435 corpora.

332 2444 445 2489 Nam
467 2453 507 2487 et
529 2443 582 2487 ab
607 2443 677 2488 his
701 2444 788 2488 hoc
825 2443 940 2489 idem
972 2443 1203 2506 quaeritur,
1225 2443 1269 2488 Si
1297 2444 1454 2488 animae
1477 2442 1716 2506 inculpatae

329 2512 583 2559 obedienter
618 2513 817 2570 veniunt,
844 2529 932 2576 quo
971 2513 1240 2566 mittuntur3
1271 2513 1415 2559 curin
1445 2513 1659 2576 parvuliS‚
1682 2511 1717 2557 si

337 2597 425 2628 non
447 2581 657 2644 baptizati
682 2582 817 2629 vitam
850 2583 976 2629 istam
1000 2583 1207 2639 finierint,
1241 2583 1525 2645 puniuntur?
1552 2582 1713 2629 Eadem

389 2665 398 2686 ¹
422 2664 505 2696 Psal.
526 2675 560 2708 z,
580 2675 632 2698 ω.
657 2682 701 2688 -—
720 2663 735 2686 ²
757 2665 861 2699 Eccte.
882 2667 958 2707 xri,
976 2677 1007 2707 7.
