1799 3251
593 268 806 301 nris‘romt
841 267 966 299 ctxv.
1369 252 1427 299 32
1441 267 1455 299 ι

87 335 395 399 lacrymarum.
445 335 541 381 Hoc
583 345 726 380 autem
767 350 881 379 anno
919 349 1020 379 cum
1068 343 1151 378 tres
1189 332 1464 396 explicassem

88 406 223 452 libros
238 443 249 461 ‚
272 406 441 452 subitus
461 405 648 468 impetus
674 404 962 450 barbarorum
980 403 1033 449 de
1054 403 1214 467 quibus
1237 414 1338 449 tuus
1356 403 1468 450 dicit

89 476 309 536 Virgilius,
333 498 352 517 «
371 478 562 538 Lateque
580 485 780 535 vagantes
804 473 1018 529 Barcaei1,
1046 495 1066 515 »
1090 484 1132 520 et
1147 485 1294 520 sancta
1309 474 1466 538 Scrip-

90 555 186 592 tura
216 545 268 590 de
296 545 454 591 ismael
475 582 484 599 ‚
513 565 532 585 c<
557 545 720 590 Contra
747 543 901 589 faciem
926 544 1122 589 omnium
1150 543 1335 590 fratrum
1362 561 1466 590 suo-

93 637 112 657 »
133 632 227 660 rum
265 614 537 669 habitabit2,
569 636 588 656 ›>
623 615 683 660 sic
714 614 887 676 AEgypti
926 613 1109 658 limitem
1135 649 1145 666 ‚
1191 613 1435 660 Palaestinae
1455 650 1466 670 ,

93 685 321 730 Phoenicis
340 721 350 739 ‚
376 684 517 747 Syriae
536 685 754 746 percurrit
775 683 826 729 ad
851 685 985 729 instar
1008 683 1207 728 torrentis
1230 694 1387 729 cuncta
1407 701 1476 729 se-

94 771 193 800 cum
220 755 416 810 trahens,
452 764 499 799 ut
530 754 599 799 vix
631 771 783 800 manus
816 769 967 800 eorum
996 752 1289 798 misericordia
1310 753 1479 799 Christi

94 824 366 889 potuerimus
392 824 587 871 evadere.
620 825 751 881 Quod
783 825 815 870 si
837 828 959 884 juxta
988 822 1202 886 inclytum
1226 834 1439 869 oratorem
1463 860 1475 880 ‚

95 917 116 936 «
139 895 276 940 Sileut
300 895 410 940 inter
431 912 549 940 arma
574 895 686 954 leges
703 895 719 923 ³
738 898 757 941 ’.ὸ
778 918 795 936 »
819 904 986 958 quanto
1008 894 1144 953 magis
1168 893 1308 939 studia
1332 894 1479 958 Scrip-

93 967 320 1010 turaruinD
350 981 450 1027 quae
484 974 524 1009 et
559 964 772 1010 librorum
800 963 1106 1015 multitudine,
1136 974 1177 1009 et
1206 963 1401 1019 silentio,
1430 981 1481 1010 ac

92 1033 370 1079 librariorum
405 1033 660 1090 sedulitate,
698 1034 906 1097 quodque
929 1033 1161 1096 proprium
1191 1045 1253 1079 est
1273 1071 1283 1090 ,
1314 1034 1481 1080 securi·-

94 1113 181 1149 tate
206 1113 248 1148 et
268 1103 356 1149 otio
379 1102 639 1148 dictantium
668 1104 877 1163 indigent
906 1104 1027 1148 Duos
1058 1103 1204 1166 itaque
1231 1103 1365 1149 libros
1387 1104 1482 1149 misi

91 1183 256 1218 sanctae
279 1172 381 1218 filiae
406 1189 513 1217 meae
535 1175 566 1217 F
572 1173 757 1219 ibiolae.
780 1190 968 1236 quorum
997 1173 1191 1235 exempla
1213 1174 1246 1218 si
1267 1174 1451 1220 xolueris
1467 1210 1478 1229 ‚

95 1243 150 1288 ab
181 1243 274 1305 ipsa
310 1242 473 1304 poteris
498 1245 702 1287 mutuui.
733 1245 817 1287 Pro
851 1242 1047 1301 angustia
1083 1243 1249 1305 quippe
1274 1242 1482 1306 temporis

96 1313 200 1359 alios
224 1313 469 1358 describere
491 1330 577 1358 non
596 1314 754 1376 notui·
778 1330 886 1376 quos
909 1330 1008 1358 cum
1034 1312 1182 1372 legeris
1203 1324 1245 1358 et
1265 1314 1481 1359 vestibula

90 1382 251 1428 videris
271 1402 281 1435 3
308 1381 447 1428 facilis
465 1387 715 1442 conjectura
734 1384 814 1427 crit
835 1420 844 1438 ‚
867 1382 1006 1445 qualis
1033 1382 1127 1444 ipsa
1153 1382 1206 1426 sit
1227 1381 1374 1427 futura
1393 1382 1478 1428 do·-

94 1469 204 1499 mus.
243 1451 327 1497 Sed
353 1451 483 1497 credo
511 1452 555 1497 in
584 1453 661 1497 Dei
691 1451 1013 1507 misericordia,
1040 1451 1114 1514 qui
1141 1469 1216 1496 nos
1245 1452 1413 1511 adjuvit
1434 1451 1479 1497 in

94 1520 358 1567 difficillimo
380 1521 599 1584 principio
621 1521 859 1585 supradicti
885 1521 1026 1584 operis
1046 1558 1056 1578 ‚
1087 1521 1207 1584 quod
1238 1522 1329 1584 ipse
1349 1521 1480 1581 adJu-

92 1602 164 1638 vet
187 1601 229 1636 et
256 1591 301 1636 in
324 1591 576 1654 penultimis·
595 1592 831 1654 Prophetae
863 1591 1066 1654 partibus
1085 1627 1096 1646 ,
1124 1591 1168 1636 in
1193 1592 1353 1654 quibus
1378 1594 1476 1652 Gog

87 1671 130 1707 et
152 1664 311 1720 Magog
328 1660 440 1705 bella
460 1661 717 1706 narrantur4
738 1681 748 1715 3
778 1660 880 1706 etin
899 1660 1097 1706 extremis
1112 1697 1122 1714 ,
1142 1660 1187 1705 in
1216 1661 1378 1724 quibus
1401 1679 1472 1707 sa—

86 1731 314 1778 cratissimi
346 1742 388 1776 et
417 1731 734 1794 inexplicabilis
761 1731 913 1795 templi
937 1730 1173 1777 aedificatio
1194 1730 1228 1788 5,
1259 1731 1469 1789 varietas,

85 1817 379 1864 mensuraque
403 1800 679 1848 describitur.
710 1824 731 1843 n

150 1873 233 1919 ΙΙΙ.
277 1893 296 1913 «
319 1872 504 1917 Sanctus
531 1871 663 1918 frater
694 1884 838 1919 noster
865 1874 1066 1920 Oceanus
1084 1909 1095 1928 ,
1124 1873 1195 1918 cui
1213 1889 1288 1919 vos
1310 1873 1470 1937 cupitis

83 1941 406 1997 commendari,
437 1953 580 1988 tantus
612 1954 653 1988 et
677 1943 772 1989 talis
796 1954 883 2000 est,
909 1953 951 1988 et
986 1942 1046 1988 sic
1075 1941 1270 1988 eruditus
1291 1942 1336 1988 in
1355 1944 1468 2004 Lege

83 2012 261 2058 Domini
280 2049 291 2069 ,
318 2023 365 2058 ut
392 2013 554 2077 absque
576 2025 722 2060 nostro
743 2024 895 2074 rogatu
912 2014 1122 2058 instruere
1144 2029 1220 2058 vos
1244 2013 1403 2076 possit,
1425 2024 1468 2059 et

80 2092 271 2128 nostram
307 2099 438 2146 super
476 2085 646 2129 cunctis
686 2083 1005 2146 quaestionibus
1032 2083 1359 2145 Scripturarum
1384 2099 1464 2146 pro

81 2151 262 2198 modulo
285 2153 530 2198 communis
561 2154 720 2212 ingenii
742 2153 955 2216 explicare
978 2152 1250 2198 sententiam.
1283 2152 1463 2198 Incolu-

80 2238 170 2267 mes
189 2237 267 2268 vos
295 2232 338 2267 et
360 2222 525 2285 prolixa
554 2234 680 2269 aetate
716 2224 914 2269 florentes
947 2221 1146 2267 Christus
1175 2222 1292 2268 Deus
1320 2233 1465 2268 noster

80 2301 253 2338 tueatur
269 2292 544 2356 omnipotens
560 2331 570 2349 ‚
593 2294 770 2339 Domini
793 2310 889 2341 vere
913 2292 1063 2339 sancti.
1097 2313 1117 2333 ›>

128 2391 138 2413 ¹
158 2390 272 2433 virgil.
294 2403 339 2424 iv.
363 2391 490 2426 AEneid.
507 2409 549 2415 --
565 2391 579 2413 ‘²
595 2393 666 2424 Gen
698 2403 764 2433 xvi,
789 2403 840 2425 ιι.
861 2409 902 2416 ——
917 2389 931 2414 3
947 2392 1013 2424 Cir.
1032 2401 1088 2434 pro
1106 2389 1244 2424 Milone.
1266 2409 1304 2416 —
1320 2388 1462 2428 ⁴Ezech.

80 2457 192 2487 xxxix,
209 2458 293 2480 1.-—
310 2445 459 2486 ⁵1d.xr„
481 2457 511 2478 2.

255 2640 419 2672 cxtvn.
1279 2644 1329 2674 Ἡ
