1799 3251
345 260 433 306 252
762 273 795 301 s.
838 271 1082 303 Aneusnm
1116 273 1319 303 EPISCOPI

343 338 835 400 condemnationemque
881 337 1158 383 traherentur
1181 374 1192 393 ‚
1233 337 1310 400 qui
1356 353 1454 382 eum
1502 337 1713 384 imitando

345 409 481 455 multa
504 417 748 472 peccarunt
774 425 784 451 ι
817 423 896 453 cur
925 423 1012 452 non
1034 407 1163 452 etiam
1188 406 1241 451 de
1270 408 1405 466 gratia
1432 418 1472 452 et
1492 408 1710 468 justifica-

344 479 459 524 tione
480 479 539 523 sic
560 477 828 523 dictumest?
852 493 931 522 cur
954 494 1041 521 non
1066 476 1171 522 dixit
1187 476 1382 521 similiter
1403 494 1413 521 ε
1444 478 1493 521 iit
1512 479 1645 537 gratia
1667 495 1715 523 ex

344 565 430 592 uno
470 547 627 592 delicto
667 546 711 591 in
744 546 1131 604 justificationem?
1174 546 1296 590 Sicut
1333 547 1446 591 enim
1483 547 1715 592 hominum

347 616 479 661 multa
503 616 659 661 delicta
684 617 796 660 inter
819 615 930 660 illud
950 632 1082 659 unum
1110 614 1226 677 quod
1248 615 1403 661 imitati
1426 627 1548 671 sunt,
1578 628 1619 662 et
1638 621 1717 676 ju-

343 686 505 731 dicium
519 702 605 748 quo
620 685 884 748 puniuntur,
907 684 1044 730 inedia
1060 685 1361 746 reperiuntur3
1381 686 1435 730 ab
1448 702 1534 730 uno
1549 687 1718 749 quippe

347 755 399 800 ad
426 755 562 800 multa
580 766 818 809 venerunt,
849 766 896 799 ut
920 773 940 799 a
961 754 1107 799 multis
1132 753 1184 798 ad
1215 755 1435 813 judicium
1463 756 1714 801 damnatio-

346 842 531 887 nemque
569 824 832 871 ducerentur
860 843 869 868 :
898 824 956 869 sic
985 824 1131 868 eadem
1159 825 1294 870 multa
1324 824 1610 871 delictainter
1626 825 1715 872 hoc

339 896 481 958 ipsum
503 912 636 941 unum
663 898 788 954 cujus
811 896 1052 940 imitatione
1077 895 1302 940 commissa
1321 907 1421 941 sunt
1438 933 1447 949 ‚
1475 907 1516 941 et
1535 897 1720 956 gratiam

339 982 425 1027 qua
449 965 751 1020 dimittuntur,
773 965 922 1011 eodeni
950 965 1078 1009 modo
1105 965 1243 1010 media
1278 977 1408 1019 sunt3
1435 967 1642 1028 quoniam
1670 982 1720 1011 ex

318 1043 320 1045 ’
341 1034 416 1079 illo
440 1051 525 1080 uno
557 1035 611 1080 ad
634 1035 770 1080 multa
793 1046 1024 1088 venerunt,
1051 1045 1096 1079 ut
1111 1052 1156 1079 ex
1183 1034 1328 1080 multis
1347 1035 1400 1080 ad
1420 1037 1597 1094 gratiam
1620 1039 1718 1094 J‘us-

347 1103 543 1149 tificandi
564 1105 773 1150 venirent.
804 1108 916 1148 Cum
949 1121 1048 1162 ergo
1080 1105 1124 1148 in
1154 1115 1363 1167 utroque,
1391 1104 1434 1149 id
1461 1115 1523 1149 est
1542 1141 1551 1157 ,
1580 1115 1622 1149 et
1639 1108 1720 1163 ju-

346 1174 461 1218 dicio
481 1184 521 1218 et
545 1175 681 1233 gratia
697 1211 707 1228 ‚
741 1176 859 1236 quod
883 1176 1034 1219 attinet
1058 1175 1109 1219 ad
1139 1191 1273 1219 unum
1297 1186 1337 1219 et
1366 1175 1499 1219 multa
1527 1174 1687 1220 delicta
1703 1212 1715 1229 ‚

346 1261 428 1289 una
448 1244 683 1307 eademque
707 1245 816 1290 ratio
841 1246 894 1290 sit
916 1262 926 1289 ε
951 1244 1101 1290 dicant
1118 1246 1185 1290 isti
1207 1245 1331 1290 nobis
1351 1245 1719 1308 quarejmficium

344 1315 496 1360 dixerit
523 1332 569 1360 ex
595 1332 680 1361 uno
710 1315 870 1361 delicto
907 1316 1066 1361 ducere
1090 1317 1134 1361 in
1155 1315 1560 1361 condemnationem
1577 1353 1589 1372 ‚
1616 1333 1715 1376 gra-

347 1385 447 1429 tiam
468 1401 569 1429 vero
593 1401 638 1429 ex
664 1385 810 1430 multis
833 1385 1001 1431 delictis
1036 1386 1077 1430 in
1105 1385 1474 1445 justificationem.
1518 1387 1604 1431 Aut
1640 1403 1718 1431 ac-

344 1455 595 1517 quiescant,
627 1454 724 1500 ideo
749 1456 809 1501 sic
829 1473 915 1501 esse
940 1455 1107 1500 dictum
1125 1492 1135 1509 ‚
1157 1455 1259 1518 quia
1286 1455 1331 1500 in
1361 1455 1442 1500 hac
1471 1472 1601 1501 causa
1629 1455 1717 1501 duo

343 1524 665 1570 constituuntur
684 1525 881 1570 homines
904 1543 913 1570 ε
937 1525 1095 1580 Adam,
1116 1542 1162 1569 ex
1179 1542 1267 1588 quo
1286 1525 1480 1570 consistit
1501 1525 1719 1585 generatio

343 1594 553 1650 carnalis,
575 1605 616 1639 et
640 1595 863 1650 Christus,
887 1613 933 1640 ex
963 1595 1227 1654 regeneratio
1257 1594 1475 1658 spiritalis.
1513 1594 1597 1639 Sed
1617 1596 1717 1657 quia

346 1674 513 1708 tantum
537 1663 607 1708 ille
627 1664 784 1717 homo,
804 1665 880 1710 iste
902 1676 1041 1710 autem
1064 1675 1104 1709 et
1124 1665 1238 1709 Deus
1257 1675 1296 1708 et
1320 1665 1455 1709 homo
1470 1701 1479 1718 ,
1505 1681 1590 1709 non
1612 1680 1718 1726 quo-

346 1733 476 1778 modo
491 1733 563 1778 illa
583 1735 799 1793 generatio
813 1752 900 1780 uno
912 1734 1072 1780 delicto
1089 1733 1271 1793 obligat,
1287 1734 1406 1796 quod
1419 1745 1534 1779 estex
1558 1732 1713 1789 Adam,

346 1803 404 1847 ita
439 1803 517 1847 ista
549 1805 814 1862 regeneratio
840 1821 973 1849 unum
1000 1803 1208 1848 delictum
1243 1804 1379 1848 solum
1413 1803 1566 1857 solvit,
1595 1802 1718 1865 quod

343 1882 464 1916 estex
495 1872 645 1918 Adam.
677 1873 761 1917 Sed
782 1873 843 1918 illi
864 1873 1041 1936 quidem
1066 1873 1328 1932 generationi
1351 1871 1509 1917 sufficit
1534 1872 1585 1916 ad
1609 1888 1719 1917 con-

342 1940 663 1986 demnationem
682 1942 809 1987 unius
829 1942 976 1988 delicti
998 1943 1232 1995 connexio3
1260 1941 1474 2005 quidquid
1493 1942 1605 1987 enim
1621 1958 1720 2004 pos·
1760 1982 1767 1987 .

346 2021 412 2056 tea
437 2010 634 2057 homines
654 2029 700 2057 ex
725 2013 847 2058 malis
866 2013 951 2058 suis
972 2013 1177 2076 operibus
1196 2012 1388 2068 addunt,
1416 2029 1502 2057 non
1526 2012 1715 2075 pertinet

346 2081 399 2126 ad
416 2081 534 2126 illam
550 2083 866 2141 generationem
883 2121 892 2140 ‚
911 2083 983 2129 sed
995 2084 1048 2128 ad
1062 2083 1298 2128 humanam
1315 2083 1686 2128 conversationem
1706 2100 1717 2127 τ

344 2151 451 2195 huic
467 2161 610 2196 autem
634 2153 944 2211 regenerationi
967 2169 1054 2197 non
1075 2152 1233 2197 sufficit
1256 2151 1363 2197 illud
1384 2151 1590 2198 delictum
1616 2162 1718 2197 tan-

345 2221 572 2266 tummodo
595 2222 757 2268 solvere
771 2260 781 2279 ,
802 2224 921 2287 quod
939 2241 985 2269 ex
1012 2223 1151 2269 Adam
1181 2223 1391 2279 trahitur,
1412 2223 1484 2269 sed
1501 2222 1718 2287 quidquid

346 2291 475 2336 etiam
496 2302 646 2353 postea
664 2309 709 2338 ex
731 2294 892 2357 iniquis
922 2294 1128 2357 operibus
1153 2293 1359 2339 humanae
1383 2293 1719 2339 conversationis

344 2359 526 2406 accedit.
560 2361 663 2407 Ideo
682 2363 900 2423 J'udicium
922 2381 968 2409 ex
988 2380 1074 2409 uno
1096 2364 1140 2408 in
1161 2363 1565 2409 condemnationem
1583 2400 1594 2419 ‚
1616 2380 1715 2422 gra-

344 2430 402 2475 tia
427 2441 570 2476 autem
593 2449 640 2478 ex
657 2435 805 2480 multis
823 2434 990 2480 delictis
1005 2434 1429 2493 injustificationem.

409 2500 535 2546 Xlll.
573 2523 592 2542 (ι
620 2504 664 2549 Si
688 2505 802 2550 enim
821 2505 880 2550 ob
908 2504 1033 2550 unius
1050 2503 1259 2550 delictum
1281 2522 1393 2550 mors
1416 2502 1609 2564 regnavit
1641 2518 1718 2565 per

345 2592 363 2611 υ
390 2586 552 2625 unum,
578 2594 597 2614 υ
621 2591 642 2619 a
663 2591 750 2637 quo
769 2574 928 2620 delicto
950 2574 1123 2637 paixuli
1149 2592 1223 2636 per
1249 2575 1395 2637 baptis
1401 2590 1516 2620 mum
1538 2572 1717 2636 expian-
