1799 3251
315 271 406 317 268
734 289 768 319 s.
810 287 1050 319 Aucusrim
1089 289 1291 319 EPISCOPI

313 352 441 409 dent,
463 363 504 399 et
517 370 563 400 ea
583 353 721 418 pretia
737 352 1038 400 distribuendo
1053 353 1365 414 indigentibus,
1383 354 1546 401 faciant
1564 355 1685 419 quod

312 423 525 487 sequitur3
553 445 573 465 «
598 423 734 470 Facile
759 424 981 481 tribuant,
1014 425 1367 481 communicent,
1392 425 1685 473 thesaurizent

316 516 338 536 >›
361 495 445 540 sibi
467 494 800 541 fundamentum
829 495 996 542 bonum
1032 496 1077 542 in
1098 495 1296 542 futurum
1313 534 1322 552 ‚
1352 508 1432 542 »et
1464 497 1587 542 aliter
1613 515 1684 543 eos

311 564 356 610 in
380 582 562 625 regnum
581 565 793 611 coelorum
816 565 976 612 intrare
1000 583 1123 630 posse
1149 583 1236 611 non
1266 566 1407 612 credit
1425 584 1435 611 t
1456 566 1566 612 fallit
1582 584 1683 627 ergo

313 651 382 680 eos
402 652 590 698 quorum
608 635 760 682 domos
786 647 874 681 tam
893 636 1121 696 diligenter
1133 635 1345 682 doctrinae
1362 636 1540 682 sanitate
1557 654 1684 682 com-

312 706 456 769 ponit,
474 706 706 753 admonens
730 718 771 753 et
790 708 1053 771 praecipiens
1070 708 1217 771 quales
1230 725 1271 752 se
1282 708 1478 771 praebere
1496 708 1685 753 debeant

314 792 464 822 uxores
499 777 624 832 viris,
664 777 746 824 viri
789 778 1019 834 uxoribus,
1057 778 1134 823 filii
1169 779 1423 841 parentibus
1440 815 1450 834 ‚
1486 788 1685 841 parentes

314 847 413 893 filiis
429 885 439 903 ‚
467 849 577 894 servi
599 848 808 905 dominis,
832 848 1000 894 domini
1030 850 1175 896 servis.
1205 850 1314 895 Nam
1340 849 1562 912 quomodo
1587 848 1685 895 haec

313 917 381 977 agi
400 929 582 981 possunt
600 919 689 965 sine
711 919 842 964 domo
860 956 871 975 ,
894 929 934 964 et
959 918 1047 965 sine
1072 919 1217 983 aliqua
1239 937 1282 964 re
1304 919 1520 964 familiari.

377 989 540 1036 XXXI.
575 989 641 1035 An
665 989 752 1035 hoc
772 1007 841 1035 eos
861 1000 1033 1047 movet,
1051 991 1170 1054 quod
1190 990 1248 1036 ait
1272 989 1484 1035 Dominus
1505 1007 1515 1034 ε
1537 1011 1555 1031 α
1579 989 1687 1046 Qui-

313 1078 334 1099 »
359 1075 546 1122 cumque
573 1059 784 1106 dimiserit
819 1061 962 1106 omnia
992 1078 1065 1106 sua
1097 1071 1280 1124 propter
1305 1078 1397 1116 me,
1432 1061 1614 1123 accipiet
1640 1059 1685 1105 in

312 1148 334 1170 >2
356 1128 444 1175 hoc
470 1130 629 1176 saeculo
659 1131 941 1194 centuplum,
975 1141 1015 1176 et
1049 1131 1094 1176 in
1133 1132 1282 1177 futuro
1320 1132 1452 1176 vitam
1479 1142 1684 1176 aeternam

313 1220 334 1241 »
356 1200 625 1262 possidebit1
642 1204 660 1247 9
677 1222 697 1243 >³
719 1201 847 1247 Aliud
870 1212 930 1247 est
953 1201 1185 1258 dimiserit,
1208 1201 1327 1247 aliud
1347 1211 1408 1247 est
1421 1201 1679 1247 vendiderit.

310 1271 420 1316 Nam
459 1282 501 1317 et
537 1272 584 1317 in
619 1272 670 1318 iis
701 1288 801 1335 quae
837 1271 1097 1317 dimittenda
1132 1271 1385 1327 mandavit,
1418 1272 1547 1316 etiam
1580 1287 1686 1316 uxor

308 1353 646 1388 commemorata
687 1353 776 1397 est,
807 1359 941 1405 quam
974 1342 1104 1388 nullis
1146 1342 1352 1388 humanis
1390 1342 1557 1401 legibus
1582 1341 1684 1387 licet

308 1411 518 1468 vendere,
547 1413 710 1458 Christi
745 1424 887 1459 autem
924 1413 1094 1473 legibus
1125 1431 1203 1458 nec
1229 1413 1445 1458 dimittere
1464 1450 1473 1467 ‚
1503 1422 1680 1475 excepta

304 1499 432 1529 causa
450 1483 748 1530 fornicationis
760 1485 793 1531 2.
817 1484 936 1541 Quid
949 1485 1032 1530 sibi
1047 1502 1146 1544 ergo
1163 1484 1317 1530 volunt
1335 1486 1414 1529 ista
1428 1485 1679 1547 praecepta?

307 1552 422 1614 (non
448 1554 559 1599 enim
578 1554 885 1618 possuntinter
906 1572 946 1600 se
966 1571 1051 1600 esse
1075 1555 1292 1600 contraria
1314 1554 1357 1616 ς)
1376 1554 1456 1600 nisi
1477 1553 1578 1617 quia
1603 1569 1681 1598 oc—

305 1623 441 1668 currit
474 1623 709 1688 aliquando
735 1625 998 1671 necessitatis
1023 1626 1255 1681 articulus,
1288 1625 1367 1670 ubi
1392 1635 1464 1670 aut
1483 1641 1588 1670 uxor
1608 1623 1680 1669 di-

306 1693 506 1740 mittatur
527 1706 602 1741 aut
627 1695 825 1742 Christus
847 1714 856 1741 :
882 1707 929 1742 ut
950 1696 1033 1741 alia
1052 1697 1272 1752 omittam,
1289 1696 1322 1741 si
1342 1695 1424 1758 ipsi
1446 1695 1566 1741 uxori
1583 1711 1681 1740 ma-

305 1764 412 1810 ritus
437 1765 709 1829 displicuerit
728 1767 1015 1822 christianus,
1043 1768 1167 1830 eique
1196 1767 1473 1830 proposuerit
1495 1776 1566 1812 aut
1592 1783 1614 1810 a
1639 1781 1681 1810 se

305 1833 542 1881 divortium
561 1873 571 1892 ‚
594 1847 701 1881 auta
724 1837 916 1883 Christo.
943 1838 1028 1883 Hic
1048 1837 1119 1883 ille
1148 1837 1253 1900 quid
1273 1837 1399 1896 eligat
1424 1836 1505 1881 nisi
1527 1835 1681 1882 Chris-

305 1914 399 1950 tum
417 1941 427 1960 ,
449 1916 491 1950 et
514 1905 705 1951 dimittat
728 1923 901 1952 uxorem
924 1907 1206 1953 laudabiliter
1225 1918 1406 1970 propter
1430 1906 1675 1952 Christum.

305 1975 533 2021 Ambobus
555 1976 721 2039 quippe
742 1977 1002 2022 Christianis
1024 1977 1237 2023 Dominus
1257 1976 1470 2039 przrcepit
1486 1994 1539 2022 ne
1555 1976 1679 2039 quis-

303 2060 433 2106 quam
452 2044 644 2091 dimittat
667 2063 840 2092 uxorem
861 2084 871 2102 ‚
896 2058 1071 2109 excepta
1099 2064 1227 2092 cansa
1244 2047 1557 2093 fornicationis,
1593 2046 1678 2091 Ubi

301 2124 442 2160 autem
468 2115 678 2177 quaslibet
711 2133 759 2161 ex
783 2117 841 2161 eis
880 2133 1062 2180 persona
1102 2117 1289 2162 infidelis
1324 2127 1416 2171 est,
1448 2115 1678 2161 consilium

303 2184 500 2247 Apostoli
515 2186 777 2233 attendatur.
805 2187 862 2232 [It
879 2187 912 2232 si
926 2187 1112 2233 infidelis
1132 2188 1346 2233 consentit
1362 2187 1560 2232 habitare
1577 2203 1678 2232 cum

302 2255 395 2301 viro
429 2255 576 2301 fideli3
592 2292 603 2312 ,
632 2257 699 2302 vir
720 2274 808 2302 non
833 2257 1029 2302 dimittar
1052 2274 1240 2304 uxorem.
1279 2257 1484 2303 Similiter
1510 2268 1551 2302 et
1574 2273 1679 2302 uxor

302 2324 440 2371 fidelis
457 2325 599 2371 virum
618 2363 629 2382 ‚
650 2327 683 2372 si
708 2344 808 2373 cum
834 2327 909 2373 illa
929 2328 1129 2373 habitare
1146 2329 1422 2375 consenserit.
1449 2349 1468 2368 «
1493 2326 1624 2384 Quod
1644 2327 1678 2372 si

299 2415 319 2435 »
342 2394 528 2440 infidelis
547 2432 558 2452 ,
586 2396 753 2460 inquit,
779 2397 965 2443 discedit
984 2435 995 2454 ,
1014 2398 1221 2445 discedat.
1251 2400 1349 2444 Non
1373 2409 1433 2444 est
1451 2398 1566 2443 enim
1586 2415 1677 2443 ser-

295 2486 315 2507 »
339 2465 467 2511 vituti
485 2465 706 2525 subjectus
725 2468 858 2513 frater
877 2480 952 2514 aut
970 2469 1150 2514 sororin
1168 2468 1511 2528 l1uj11s1110clt4,»
1530 2467 1575 2513 id
1593 2477 1673 2519 est,

291 2536 324 2582 si
344 2534 531 2581 infidelis
555 2536 742 2583 noluerit
763 2555 849 2584 esse
869 2555 970 2584 cuin
997 2543 1181 2600 conjuge
1204 2539 1347 2596 fideli,
1373 2540 1446 2584 hic
1469 2548 1674 2598 agnoscat

347 2618 355 2639 ¹
376 2614 574 2657 Matt}1.x1x‚
598 2630 655 2659 29.
675 2637 718 2643 —
740 2618 754 2641 2
770 2620 819 2653 Id,
840 2632 868 2659 v,
891 2622 1001 2653 32.—
1021 2619 1035 2644 3
1058 2634 1067 2652 1
1089 2625 1160 2654 Cor.
1181 2634 1235 2661 xii,
1257 2634 1307 2653 12.
1325 2640 1367 2645 —-
1391 2620 1404 2644 ⁴
1425 2620 1506 2652 Ibid.
1529 2622 1578 2652 15.
