1799 3251
586 257 800 290 ErlsroLA
834 261 968 294 ctvu.
1387 257 1478 314 243

112 322 212 369 haec
245 323 298 368 sit
321 323 365 368 in
393 338 480 386 qua
505 340 623 370 nunc
646 342 975 386 congregamur,
1001 347 1055 375 an
1079 331 1152 377 illa
1174 349 1305 396 quam
1328 353 1480 400 spera-

113 409 223 439 mus.
265 393 455 449 Quidam
475 405 616 440 autem
644 407 804 459 putant
839 399 1075 447 Ecclesiam
1099 402 1216 450 hanc
1243 422 1348 463 esse,
1380 425 1481 472 quae

112 479 228 507 nunc
251 461 550 525 frequentatur
564 465 757 528 populis,
781 477 821 512 et
844 468 933 514 sine
955 482 1134 532 peccato
1154 491 1239 519 esse
1253 492 1391 538 posse.
1418 480 1482 524 De

112 531 180 578 his
214 533 417 578 omnibus
457 551 559 595 rogo
597 537 769 599 quantis
801 538 922 583 valeo
957 542 1162 602 precibus
1209 546 1483 592 sanctitatem

112 612 226 647 tuam
252 604 468 662 utjubeas
492 623 567 651 nos
592 607 781 669 apertius
801 608 1075 673 instrui,quo
1090 615 1351 671 noverimus,
1377 634 1484 680 qua-

111 683 234 719 tenus
256 674 410 718 sentire
430 674 682 723 debeamus.
714 678 794 723 Dei
812 680 948 725 nostri
961 682 1257 730 misericordia
1282 689 1486 734 sanctita-

110 753 196 806 tem
223 755 342 789 tuam
368 744 631 792 incolumem
667 760 891 795 conservet
917 752 1042 797 annis
1076 754 1315 802 innumeris
1345 769 1481 820 opto:

109 814 293 876 Domine
315 825 462 861 sancte
478 819 578 876 J'ure
598 834 646 863 ac
670 818 823 865 merito
855 822 1112 870 venerabilis
1129 860 1140 882 ‚
1163 835 1206 871 et
1230 843 1310 889 per
1336 828 1484 875 omnia

108 884 304 932 colende.
338 908 356 928 ›>

106 1057 222 1067 ms„
229 1056 286 1067 ss·-
296 1057 346 1067 ινι
353 1058 409 1068 §ss
417 1058 781 1071 wsmsxssmwumtss
787 1052 967 1074 §.snm-‚u
976 1064 1027 1075 svn
1035 1065 1091 1076 ιἋ
1097 1066 1152 1077 κο
1158 1067 1401 1083 νιπωἋὴῆννι
1408 1069 1467 1084 w-

474 1176 737 1220 EPISTOLA
771 1177 913 1220 CLVII
954 1180 1046 1237 (18)
1059 1182 1070 1203 ¹
1082 1214 1091 1225 .

183 1297 423 1340 Auonsrmcs
451 1299 654 1351 episcopus
679 1315 816 1340 servus
843 1297 988 1352 Christi
1019 1315 1058 1344 et
1090 1308 1175 1358 ejus
1193 1309 1395 1363 Ecclesiae,

296 1353 543 1401 dilectissimo
562 1361 642 1400 filio
662 1352 829 1402 Himfiic}
848 1364 889 1402 in
908 1362 1081 1405 Domino
1098 1367 1281 1412 saltitem.

132 1489 410 1551 Aiegt'estt'mts
431 1480 636 1541 Hilario,
662 1492 924 1550 respondens
947 1494 1006 1537 acl
1030 1497 1148 1540 illius
1170 1495 1437 1555 qtcoestiohe's.

167 1645 202 1693 Ι.
246 1641 311 1691 Ex
359 1636 511 1689 litteris
545 1642 628 1687 tuis
662 1640 797 1686 didici
830 1657 918 1686 non
947 1642 1086 1690 solum
1124 1644 1474 1699 incolumitatem

101 1727 233 1772 tuam,
251 1715 324 1762 sed
345 1716 473 1760 etiam
512 1712 754 1772 religiosum
777 1712 971 1758 studium
1000 1724 1122 1760 tuum
1145 1716 1260 1764 circa
1289 1721 1473 1769 verbum

101 1789 199 1842 Dei,
219 1797 261 1833 et
285 1787 402 1849 piam
429 1800 579 1829 curam
603 1799 683 1846 pro
707 1781 841 1827 salute
869 1793 960 1839 tua,
1001 1801 1102 1847 quae
1122 1797 1182 1832 est
1212 1787 1258 1833 in
1297 1790 1472 1838 Christo

98 1858 196 1904 Jesu
222 1857 409 1902 Domino
433 1865 595 1900 nostro,
645 1851 769 1898 Unde
804 1855 961 1913 gratias
997 1854 1089 1900 Deo
1116 1874 1244 1917 agens
1263 1876 1354 1906 non
1381 1861 1474 1908 dis..

100 1928 181 1975 tuli
205 1928 415 1990 rescripta
429 1924 685 1990 persolvere.
1056 1983 1059 1986 Ι

163 1986 222 2046 Il.
255 1999 300 2044 Si
333 2014 432 2057 ergo
458 1996 615 2060 quaeris
643 2005 788 2041 utrum
813 1993 858 2039 in
897 1995 982 2041 hac
1017 1997 1106 2043 vita
1145 1999 1379 2064 quisquam
1407 2004 1470 2051 ita

92 2069 272 2130 justitiae
288 2066 552 2132 perfectione
569 2065 784 2127 proficiat.
803 2075 849 2109 ut
868 2063 941 2110 hic
955 2065 1044 2110 sine
1060 2066 1147 2112 ullo
1162 2069 1278 2115 vivat
1291 2073 1469 2119 omnino

96 2151 277 2204 peccato
305 2157 316 2185 ε
344 2137 515 2183 attende
535 2135 641 2199 quid
672 2135 826 2180 dixerit
860 2134 1048 2181 Joaunes
1069 2138 1308 2200 apostolus,
1336 2147 1467 2205 quem

98 2210 311 2257 Dominus
327 2209 438 2254 inter
467 2205 704 2269 discipulos
729 2222 826 2250 suos
847 2206 1070 2269 praecipue
1100 2207 1310 2268 diligebat
1331 2229 1342 2258 ε
1383 2233 1404 2254 «
1420 2213 1468 2259 Si

98 2303 118 2322 »
145 2280 394 2333 dixerimus,
428 2276 589 2339 inquit,
613 2276 715 2339 quia
741 2287 971 2338 peccatum
996 2293 1083 2321 non
1120 2276 1350 2338 habemus,
1391 2301 1469 2330 nos

98 2353 252 2415 »ipsos
278 2348 538 2412 decipimus,
568 2357 610 2391 et
631 2345 786 2391 veritas
814 2346 857 2391 in
896 2347 1023 2391 nobis
1046 2352 1134 2393 non
1161 2348 1266 2398 est2.
1292 2352 1337 2397 Si
1367 2371 1467 2414 ergo

95 2409 174 2479 illi,
194 2421 247 2466 de
266 2419 428 2484 quibus
445 2416 554 2463 mihi
573 2416 796 2479 scripsisti,
819 2434 861 2461 se
881 2415 1035 2462 dicunt
1053 2435 1138 2464 esse
1156 2419 1244 2465 sine
1260 2435 1466 2484 peccato;

142 2526 152 2547 ι
171 2523 260 2556 Alias
277 2532 411 2553 Lunx.
429 2529 500 2562 quae
516 2525 618 2550 autem
643 2519 703 2557 157
724 2523 813 2559 erat,
834 2529 918 2549 nunc
948 2529 1020 2558 190.
1043 2536 1089 2544 —-
1126 2521 1250 2564 Scripta
1279 2530 1349 2566 post
1371 2536 1468 2569 supe-

95 2576 309 2612 moretm—²
330 2588 339 2607 1
365 2578 460 2608 Joan.
486 2576 564 2618 1,8.

1261 2639 1329 2685 16.
