1799 3251
364 258 426 308 50
784 275 819 307 S.
859 274 1104 307 AUGUSTINI
1139 275 1343 308 EPISCOPI

364 341 506 387 tolus:
535 361 555 383 «
579 341 611 386 F
616 339 734 387 uistis
765 339 1000 404 aliquando
1035 341 1251 399 tenebrae3
1289 358 1407 388 nunc
1432 351 1575 388 autern
1602 341 1674 388 lux
1693 339 1739 389 in

362 432 385 454 »
408 409 638 457 Domino'l.
673 432 695 453 »
732 413 869 456 Porro
893 410 1094 457 diabolus
1129 422 1170 456 et
1202 411 1358 471 Angeli
1390 414 1498 471 ejus,
1545 412 1739 457 tenebrae

361 491 462 528 sunt
495 480 746 527 infidelibus
765 480 1023 526 hominibus
1043 481 1284 528 exteriores.
1316 481 1422 527 Plus
1447 481 1562 527 enim
1581 481 1636 526 ab
1663 480 1739 528 illa

360 551 570 597 charitate
586 551 736 608 aversi,
752 562 793 596 et
812 551 856 596 in
873 568 1000 596 suum
1018 551 1176 597 fastum
1195 551 1618 614 obstinationemque
1639 567 1738 614 pro-

360 622 488 681 gressi
507 632 623 669 sunt.
650 623 706 667 Et
739 621 948 685 quoniam
971 632 1157 667 extremo
1177 621 1342 682 judicio
1368 621 1568 668 Christus
1587 620 1738 667 dictu-

359 711 432 740 rus
458 703 518 739 est
537 694 612 751 eis,
643 711 749 757 quos
788 693 843 739 ad
867 693 1084 739 sinistram
1106 693 1350 739 discernet:
1379 714 1399 735 «
1419 693 1483 739 Ite
1515 694 1561 738 in
1596 693 1738 752 ignem

358 775 621 820 »aeternuin‚
645 764 721 827 qui
738 774 914 827 paratus
937 774 1000 808 est
1021 763 1200 809 diabolo
1225 774 1265 809 et
1283 763 1440 824 angelis
1453 767 1542 823 ejus
1558 763 1576 791 5³
1596 780 1606 807 :
1630 783 1651 805 »
1669 762 1739 808 his

357 835 554 896 malignis
577 834 804 898 spiritibus
830 833 1175 893 conjungendos,
1203 833 1418 897 simulque
1435 831 1706 879 damnandos
1721 868 1733 888 ,

354 907 612 953 dicitituros
632 905 677 950 in
712 905 912 950 tenebras
956 904 1200 960 exteriores,
1239 903 1287 949 id
1310 914 1388 960 est,
1419 903 1464 949 in
1489 902 1737 949 societatem

355 977 576 1044 poenalem
600 975 765 1022 diaboli
785 986 824 1020 et
852 974 1101 1035 angelorum
1122 978 1226 1034 ejus.
1259 975 1375 1020 Huic
1393 990 1539 1038 poenae
1556 983 1735 1019 contra-

355 1049 471 1095 rium
489 1047 684 1112 estquod
706 1047 824 1092 bono
844 1063 964 1093 servo
985 1045 1146 1091 (licitur
1167 1063 1178 1090 ε
1203 1047 1356 1091 «Intra
1374 1046 1419 1091 in
1436 1044 1644 1106 gaudium
1659 1042 1738 1089 do·

362 1146 380 1164 »
408 1119 514 1165 mini
538 1119 602 1164 tui
629 1117 679 1162 3:
709 1128 756 1163 ut
779 1127 943 1180 quanto
984 1127 1084 1162 sunt
1119 1116 1216 1162 istae
1255 1116 1447 1162 tenebrae
1480 1115 1733 1171 exterioreS‚

357 1199 475 1235 tanto
500 1188 553 1234 sit
568 1188 716 1233 lumen
732 1186 842 1232 illud
864 1187 1057 1234 interius.
1098 1188 1196 1233 Non
1229 1186 1329 1232 haec
1349 1205 1426 1251 per
1441 1186 1639 1233 locorum
1655 1185 1729 1230 in-

355 1259 531 1308 tervalla
547 1259 664 1304 inani
683 1258 985 1321 phantasmate
1004 1257 1234 1317 cogitanda
1257 1268 1358 1304 sunt
1381 1275 1392 1303 z
1414 1257 1569 1303 localia
1591 1254 1732 1319 spatia

351 1348 440 1377 non
464 1328 774 1392 occupantnisi
793 1345 1028 1390 corporum
1047 1328 1190 1375 moles.
1219 1329 1316 1374 Non
1336 1338 1396 1374 est
1427 1328 1515 1374 hoc
1544 1326 1726 1390 spiritus

351 1402 472 1457 vitae,
500 1417 587 1445 non
616 1408 678 1444 est
704 1398 790 1444 hoc
812 1398 954 1443 anima
987 1398 1232 1454 rationalis,
1261 1398 1401 1444 multo
1435 1398 1578 1443 minus
1616 1398 1734 1443 Deus

351 1471 546 1516 omnium
566 1468 896 1528 benignissimus
914 1468 1131 1524 conditor,
1152 1469 1468 1528 etjustissimus
1483 1467 1725 1514 ordinator.

354 1540 662 1588 voluntatibus
685 1548 727 1583 et
745 1538 967 1583 affectibus
989 1539 1068 1584 ista
1084 1538 1152 1585 vel
1174 1539 1474 1602 propinquare
1514 1537 1582 1585 vel
1606 1536 1735 1598 longe

353 1613 462 1668 fieri,
487 1611 554 1658 vel
575 1611 735 1656 intrare
758 1609 826 1655 vel
846 1609 955 1654 exire
980 1609 1205 1658 dicuntur.

418 1682 580 1729 LVIII.
608 1680 691 1725 Sed
709 1679 810 1743 quia
840 1680 954 1725 malo
982 1697 1128 1742 opere,
1156 1681 1201 1726 id
1228 1691 1310 1737 est,
1331 1681 1559 1727 tenebroso
1583 1680 1730 1728 delec-

356 1764 506 1801 tantur
521 1751 722 1797 facientes
739 1787 750 1804 ‚
773 1761 972 1796 secutura
991 1762 1052 1797 est
1080 1763 1222 1798 autem
1242 1769 1375 1816 poena
1388 1769 1487 1816 quae
1512 1762 1728 1816 torqueat,

357 1825 454 1871 ideo
482 1822 694 1868 Dominus
719 1821 796 1866 ubi
820 1820 925 1867 dixit
944 1839 954 1866 :
977 1843 997 1863 c<
1019 1822 1238 1868 Tenebras
1254 1823 1498 1877 exteriores3
1521 1845 1542 1865 »
1562 1822 1733 1869 addidit

357 1897 500 1949 etiam,
513 1914 533 1935 c<
551 1892 620 1937 Ibi
635 1891 713 1936 erit
726 1891 849 1937 fletus
864 1902 906 1937 et
927 1892 1086 1938 stridor
1102 1893 1327 1939 dentium4
1344 1911 1353 1939 ε
1372 1916 1392 1936 >³
1403 1911 1456 1939 ne
1472 1893 1632 1940 talibus
1656 1893 1729 1940 de·-

359 1963 664 2013 lectationibus
681 1962 885 2025 qualibus
904 1963 978 2009 hic
996 1963 1137 2026 iniqui
1151 1963 1455 2027 perfruuntur,
1475 1964 1650 2028 quando
1665 1964 1732 2011 in-

359 2035 566 2082 fidelitate
595 2042 721 2095 atque
738 2032 947 2091 injustitia
965 2034 1286 2089 tenebrescunt,
1313 2035 1442 2081 etiam
1461 2036 1506 2081 in
1529 2035 1604 2081 illo
1621 2051 1731 2099 sup-

359 2106 493 2171 plicio
516 2121 557 2149 se
584 2120 733 2148 usuros
747 2103 967 2149 dementer
984 2105 1224 2151 existiment
1244 2124 1254 2151 :
1283 2106 1385 2169 quia
1412 2107 1525 2151 enim
1543 2106 1731 2153 volentes

359 2179 516 2237 injuste
535 2184 718 2220 utuntur
739 2173 883 2231 bonis,
904 2178 1018 2234 juste
1045 2175 1235 2223 nolentes
1253 2177 1568 2223 cruciabuntur
1586 2177 1723 2224 malis.

359 2247 486 2294 Unde
511 2255 693 2309 possunt
722 2245 851 2290 etiam
887 2247 1076 2292 tenebrae
1103 2251 1326 2293 exteriores
1362 2248 1545 2308 intelligi
1581 2264 1730 2311 poenae

361 2315 604 2380 corporales
628 2331 637 2359 :
665 2331 824 2376 corpus
854 2316 1020 2379 quippe
1056 2327 1117 2361 est
1141 2318 1297 2364 animae
1326 2319 1535 2364 exterius:
1577 2328 1623 2364 ut
1645 2318 1730 2364 sint

363 2388 518 2433 animae
533 2384 663 2439 mala,
686 2384 845 2446 quibus
863 2404 884 2430 a
901 2386 1126 2432 charitatis
1150 2387 1246 2433 luce
1271 2405 1415 2434 aversa
1436 2406 1553 2433 inens
1571 2389 1615 2434 in
1629 2405 1730 2452 pec-

359 2458 464 2504 catis
490 2455 749 2508 oblectatur,
782 2466 933 2501 exterae
956 2458 1143 2502 tenebrae
1172 2475 1182 2502 ε
1208 2459 1402 2521 corporis
1427 2469 1568 2503 autem
1593 2459 1723 2516 mala,

354 2529 515 2594 quibus
534 2525 700 2570 {eternis
720 2525 764 2569 in
789 2527 917 2571 finem
951 2528 1243 2590 torquebitur,
1271 2529 1493 2575 exteriores
1514 2530 1722 2587 tenebrae,

401 2612 413 2633 ¹
433 2609 547 2653 Ephes.
567 2620 596 2648 v,
624 2609 654 2640 8.
672 2625 714 2631 ——
733 2606 746 2629 2
761 2606 877 2640 Manu.
891 2619 966 2648 axv,
985 2616 1094 2647 41.-
1116 2608 1129 2634 3
1146 2611 1227 2644 lbid.
1245 2614 1298 2645 23.
1313 2628 1358 2635 -=-
1374 2610 1386 2634 ⁴
1405 2611 1455 2647 ld.
1473 2619 1547 2654 v¹·¹,
1570 2623 1623 2644 η.
