1799 3251
332 241 394 305 94
737 251 772 282 s.
816 247 1059 281 Aueusrlm
1092 245 1296 279 EPISCOPI

331 337 413 386 pro
425 318 606 366 arbitrio
619 327 737 377 regat
756 332 915 380 corpus
938 331 1078 361 suum.
1099 312 1229 371 Quod
1242 312 1274 358 si
1295 310 1491 358 nondum
1533 308 1700 376 cquies-

333 400 438 438 cunt
453 391 498 436 in
516 388 729 454 parvuliS,
763 387 839 451 qui
855 386 976 433 nulla
998 384 1145 431 adhuc
1168 394 1349 448 peccata
1374 382 1554 447 propria
1579 398 1704 428 com-

332 462 559 517 miserunt,
581 463 672 520 jam
709 469 853 503 tamen
891 473 975 502 esse
994 472 1168 501 carnem
1207 454 1392 518 peccati,
1415 453 1517 517 quia
1535 464 1577 499 et
1597 452 1705 498 huic

332 532 552 588 sanandae,
577 548 677 577 cum
702 529 1001 592 baptizantur,
1028 527 1266 572 necessaria
1292 536 1355 571 est
1386 525 1618 581 medicina,
1645 523 1707 570 si-

335 602 536 649 militudo
559 601 634 648 illa
663 600 805 646 carnis
829 598 1019 664 peccati3
1042 614 1121 643 nec
1145 597 1204 643 sic
1241 596 1330 643 istis
1368 596 1511 643 verbis
1551 594 1707 642 nostris

335 675 501 720 habent
524 671 644 737 quod
669 680 960 717 succenseant.
1003 669 1183 714 Constat
1223 667 1405 731 quippe,
1446 666 1527 713 nisi
1559 665 1703 724 fallor,

336 745 530 792 eamdem
554 760 746 799 carnem,
762 740 1023 787 etiamsinon
1036 739 1160 796 vitio,
1184 739 1257 785 sed
1270 750 1424 785 natura
1437 739 1609 785 infirma
1623 748 1704 791 est,

336 827 477 862 tamen
493 825 594 879 post
612 823 841 878 peccatum
861 810 1047 874 coepisse
1066 810 1202 866 nasci,
1230 809 1332 874 quia
1356 827 1493 874 neque
1510 810 1569 854 ita
1594 825 1709 858 crea-

334 897 403 932 tus
425 896 486 931 est
509 884 667 940 Adam,
690 899 827 946 neque
848 881 1033 944 aliquem
1049 881 1196 940 genuit
1221 891 1318 926 ante
1340 890 1586 944 peccatum.

400 956 498 1002 VII.
535 956 745 1012 Quaerant
763 968 862 1012 ergo
898 950 995 1004 alia,
1012 967 1113 1015 quae
1132 961 1244 996 recte
1261 950 1599 1014 reprehendant,
1622 966 1711 999 non

333 1026 472 1073 solum
494 1026 539 1072 in
564 1025 656 1071 aliis
675 1022 945 1070 festinantius
969 1021 1111 1078 editis,
1143 1022 1426 1068 verumetiam
1453 1023 1498 1069 in
1517 1022 1586 1068 his
1608 1021 1712 1085 ipsis

335 1096 457 1143 libris
476 1096 580 1142 meis
594 1096 652 1141 cle
666 1096 832 1141 Libero
853 1094 1060 1140 arbitrio.
1084 1094 1231 1157 Neque
1249 1093 1361 1140 enim
1377 1110 1447 1139 eos
1459 1093 1714 1144 inventuros

339 1184 445 1228 nego
467 1166 582 1213 unde
610 1165 720 1211 mihi
749 1165 1011 1211 beneficium
1035 1163 1291 1220 conferant3
1328 1164 1532 1228 quoniam
1568 1164 1602 1209 si
1627 1162 1708 1220 illi,

336 1237 453 1302 quod
468 1241 561 1298 jam
587 1237 633 1283 in
646 1235 886 1282 multorum
913 1251 1067 1281 manus
1090 1234 1299 1291 exierunt,
1330 1235 1488 1295 corrigi
1508 1251 1595 1280 non
1609 1250 1712 1298 pos-

338 1321 454 1365 sunt,
477 1326 552 1370 ego
564 1320 676 1354 certe
691 1308 895 1372 quoniam
916 1307 1015 1354 vivo
1030 1306 1195 1364 adhuc,
1219 1323 1410 1370 possum.
1437 1307 1545 1352 Haec
1570 1315 1713 1355 autem

340 1380 473 1427 verba
497 1389 584 1425 tam
607 1389 731 1424 caute
757 1396 779 1424 a
815 1395 882 1423 me
905 1378 1063 1441 posita,
1096 1388 1144 1422 ut
1167 1377 1278 1423 nulli
1301 1377 1353 1424 de
1385 1377 1541 1423 animae
1564 1387 1714 1423 exortu

341 1463 532 1516 quatuor
559 1450 729 1496 illarum
764 1443 961 1513 opinioni
999 1449 1209 1496 rationive
1253 1449 1587 1514 praescriberem
1607 1486 1618 1506 ,
1665 1447 1715 1494 hi

342 1533 510 1568 tantum
533 1520 871 1584 reprehendant,
897 1520 972 1584 qui
992 1519 1395 1584 reprehendendam
1409 1531 1568 1585 putant
1592 1537 1715 1566 eam--

340 1593 437 1640 dem
457 1593 598 1656 ipsam
618 1591 670 1637 de
689 1608 733 1637 re
752 1602 841 1636 tam
863 1591 1050 1637 obscura
1076 1592 1397 1638 cunctationem
1412 1609 1551 1638 meam
1572 1610 1582 1637 ฮต
1604 1608 1714 1642 con-

343 1675 407 1709 tra
427 1679 533 1727 quos
558 1678 625 1707 me
634 1678 721 1706 non
742 1660 944 1715 defendo,
963 1661 1081 1725 quod
1100 1672 1212 1707 recte
1229 1652 1385 1708 faciam
1402 1663 1445 1708 in
1466 1663 1550 1708 hac
1570 1679 1715 1726 quaes-

343 1734 455 1780 tione
479 1731 692 1788 cunctari,
708 1747 808 1777 cum
823 1731 1001 1777 omnino
1025 1749 1112 1777 non
1140 1731 1338 1778 dubitem
1360 1742 1402 1778 et
1425 1731 1713 1782 immortalem

341 1822 425 1852 esse
446 1803 652 1858 animam,
679 1819 766 1847 non
789 1804 848 1848 ita
867 1813 915 1853 ut
939 1803 1072 1859 Deus,
1100 1803 1176 1867 qui
1194 1803 1306 1849 solus
1325 1803 1460 1854 habet
1485 1804 1714 1850 immorta-

343 1876 524 1930 litatem,
544 1872 617 1919 sed
638 1872 769 1918 modo
792 1872 980 1936 quodam
1004 1874 1066 1919 sui
1083 1874 1246 1934 generis
1265 1873 1302 1932 'ยน3
1322 1885 1363 1920 et
1391 1891 1484 1920 eam
1502 1891 1588 1920 esse
1600 1891 1715 1920 creass

343 1958 505 2001 turam,
543 1961 631 1989 non
664 1943 950 1990 substantiam
986 1945 1218 2001 Creatoris,
1244 1955 1286 1990 et
1316 1944 1348 1990 si
1389 1944 1496 2008 quid
1515 1943 1635 1990 aliud
1660 1943 1713 1990 de

344 2027 498 2062 natura
521 2017 611 2074 ejus
638 2013 920 2059 certissimum
946 2024 1082 2061 teneo.
1112 2015 1195 2061 Sed
1232 2015 1332 2078 quia
1366 2015 1454 2060 hoc
1484 2032 1552 2061 me
1572 2015 1714 2061 facere

346 2084 569 2149 compellit
602 2083 655 2129 de
688 2084 841 2132 animae
884 2096 1031 2131 exortu
1068 2085 1430 2146 caliginosissimae
1463 2085 1715 2150 quaestionis

347 2155 603 2210 obscuritas,
630 2170 807 2199 manum
831 2155 979 2218 potius
999 2156 1226 2218 porrigant
1246 2157 1487 2213 confitenti,
1512 2167 1552 2203 et
1577 2156 1715 2220 quid-

349 2227 453 2293 quid
469 2224 579 2271 illud
602 2234 662 2270 est
687 2241 808 2271 nosse
826 2227 1045 2289 cupienti3
1071 2238 1111 2272 et
1137 2227 1340 2283 doceant,
1361 2227 1394 2272 si
1422 2237 1621 2291 possunt,
1646 2226 1715 2275 vel

350 2295 593 2350 ostendant,
618 2293 770 2357 siquid
797 2295 850 2341 de
874 2296 957 2342 hac
977 2314 1020 2342 re
1038 2297 1103 2342 vel
1129 2308 1243 2343 certa
1263 2298 1427 2344 ratione
1443 2298 1710 2355 didicerunt,

351 2368 417 2416 vel
430 2364 695 2429 apertissimo
715 2363 862 2411 dix-ino
885 2365 1054 2430 eloquio
1079 2367 1370 2415 crediderunt.
1409 2370 1454 2415 Si
1473 2369 1585 2415 enim
1606 2370 1714 2415 ratio

352 2447 502 2486 contra
528 2433 773 2479 divinarum
795 2436 1122 2499 Scripturarum
1159 2439 1457 2485 auctoritatem
1495 2438 1709 2496 redditur,

348 2501 588 2575 quamlibet
613 2515 738 2550 acuta
767 2505 836 2563 sit,
863 2505 974 2553 fallit
1002 2507 1092 2554 veri
1125 2508 1436 2564 similitudine3
1479 2527 1580 2557 nam
1612 2527 1712 2560 vera

396 2595 403 2614 ยน
426 2603 436 2621 1
454 2589 535 2621 Tim.
554 2598 597 2622 vr,
623 2588 672 2617 16.
