1799 3251
314 276 405 322 266
736 292 769 320 s.
814 287 1057 321 Aucus‘rml
1098 291 1297 320 EPlscoP1

310 357 488 420 byssum
503 393 513 412 ‚
533 367 575 401 et
589 355 741 419 epulas
761 354 1011 418 splendidas
1031 356 1207 401 beatum
1228 355 1439 419 putabat,
1469 368 1554 401 non
1581 356 1688 419 ipsae

309 427 474 473 divitiae
494 427 787 491 perduxerunt
810 425 864 472 ad
887 426 1043 472 inferni
1068 437 1295 472 tormenta.

377 499 561 545 XXVII.
597 499 661 543 An
695 496 804 542 forte
837 496 940 560 quia
974 498 1188 542 Dominus
1213 497 1436 556 adjunxit,
1465 506 1507 543 et
1543 494 1685 541 dixit:

312 588 333 610 α
359 570 494 614 Amen
514 568 613 613 dico
636 567 776 622 vobi5‚
800 565 974 612 difficile
996 567 1114 613 dives
1133 568 1315 613 intrabit
1330 568 1373 613 in
1394 583 1575 628 regnum
1597 578 1690 612 coe-

315 660 336 680 »
360 638 501 685 lorum
521 656 532 684 ε
555 649 595 684 et
612 638 767 684 iterum
790 638 889 683 dico
910 638 1035 684 vobis
1055 656 1065 683 z
1093 638 1279 684 Facilius
1300 639 1483 685 intrabit
1501 637 1690 683 camelus

317 730 338 751 >³
366 709 649 772 perforamen
669 724 795 764 acus,
819 724 951 771 quam
973 708 1091 753 dives
1109 710 1152 753 in
1173 722 1351 768 regnum
1370 706 1612 755 coelorun11
1635 723 1646 752 ε
1669 727 1691 748 n

314 779 413 825 ideo
438 789 597 842 putant
620 778 688 823 isti
726 778 901 823 divitem
924 815 934 833 ,
964 778 1127 823 etiamsi
1152 778 1285 824 faciat
1311 779 1391 824 ista
1413 794 1514 842 quae
1537 776 1693 823 diviti-

315 851 399 896 bus
422 849 719 913 praecipienda
739 851 915 913 scripsit
941 849 1172 912 Apostolus
1189 887 1199 906 ,
1217 850 1261 894 in
1282 865 1461 909 regnum
1479 848 1693 894 coelorum

317 921 480 966 intrare
503 938 590 966 non
610 923 764 983 posse?
788 920 905 976 Quid
921 937 1023 980 ergo
1044 931 1132 973 est3
1156 921 1310 966 [trum
1338 919 1572 983 Apostolus
1591 933 1694 964 con-

321 1002 385 1037 tra
412 992 650 1036 Dominum
679 991 893 1054 loquitur,
924 1009 977 1036 an
998 992 1067 1036 isti
1091 991 1289 1036 nesciunt
1309 991 1415 1054 quid
1433 991 1691 1054 loquuntur3

324 1061 443 1118 Quid
460 1062 617 1107 horum
643 1061 792 1107 credat
810 1099 820 1114 ‚
848 1062 975 1121 eligat
997 1062 1282 1108 Christianus.
1312 1066 1424 1107 Puto
1441 1061 1592 1106 melius
1618 1074 1697 1105 nos

320 1130 493 1176 credere
510 1168 520 1186 ,
559 1131 661 1176 istos
703 1130 866 1175 nescire
905 1130 1011 1194 quid
1048 1131 1301 1194 loquantur,
1332 1147 1464 1194 quam
1505 1128 1694 1175 Paulum

321 1211 471 1246 contra
503 1200 736 1246 Dominum
755 1199 893 1263 loqui.
926 1199 1093 1245 Deinde
1113 1216 1192 1245 cur
1219 1217 1305 1245 non
1329 1200 1373 1245 in
1397 1197 1697 1262 consequenti-

320 1272 404 1317 bus
426 1271 552 1316 etiam
573 1271 714 1334 ipsum
736 1271 976 1316 Dominum
1010 1271 1195 1317 audiunt
1220 1269 1437 1317 dicentem
1463 1267 1698 1333 Discipulis

322 1360 403 1406 pro
424 1342 590 1388 miseria
610 1342 795 1387 divitum
819 1342 1083 1387 contristatis
1102 1360 1111 1386 :
1134 1363 1154 1383 «
1175 1341 1307 1399 Quod
1333 1340 1589 1388 hominibus
1610 1339 1697 1385 im·-

323 1432 344 1453 »
363 1412 568 1475 possibile
591 1422 678 1466 est,
703 1413 792 1456 Deo
815 1411 939 1456 facile
961 1412 1082 1457 est2?
1106 1433 1125 1452 n

390 1482 598 1528 XXVIII.
632 1480 715 1526 Sed
750 1481 866 1536 ideo,
898 1481 1129 1544 inquiunt,
1157 1482 1245 1527 hoc
1281 1480 1551 1535 dictumest,
1589 1477 1699 1542 quia

317 1550 514 1597 futurum
542 1562 633 1597 erat
652 1562 699 1597 ut
719 1551 867 1596 audito
892 1552 1123 1611 Evangelio
1142 1590 1151 1609 ‚
1171 1552 1325 1597 divites
1349 1550 1526 1597 vendito
1553 1549 1698 1613 patri-

322 1623 469 1668 monio
494 1633 754 1685 erogatoque
781 1622 1050 1685 pauperibus
1070 1623 1307 1667 Dominum
1331 1630 1630 1685 sequerentur,
1653 1628 1697 1665 et

325 1693 536 1738 intrarent
558 1693 602 1737 in
622 1709 800 1752 regnum
828 1692 1041 1738 coelorum
1063 1731 1072 1740 .
1097 1702 1226 1756 atque
1249 1693 1308 1738 ita
1329 1693 1449 1737 fieret
1468 1690 1589 1754 quod
1607 1689 1699 1736 dif-

327 1763 440 1809 ficile
462 1763 717 1819 videbatur3
738 1780 824 1808 non
856 1774 904 1808 ut
935 1775 1154 1810 manentes
1184 1764 1228 1809 in
1262 1763 1424 1809 divitiis
1447 1761 1558 1818 suis,
1586 1776 1700 1825 prae-

327 1844 453 1896 cepta
469 1833 665 1897 Apostoli
688 1833 992 1889 custodiendo,
1016 1834 1060 1880 id
1075 1846 1153 1891 est,
1170 1851 1255 1880 non
1272 1834 1458 1897 superbe
1471 1831 1696 1896 sapiendo,

328 1921 466 1967 neque
489 1905 703 1967 sperando
736 1905 779 1949 in
802 1905 966 1950 incerto
992 1905 1241 1950 divitiarum
1258 1942 1268 1960 ,
1297 1903 1368 1949 sed
1389 1903 1434 1949 in
1458 1904 1550 1948 Deo
1569 1902 1670 1948 vivo
1685 1938 1697 1958 ‚

328 1974 439 2018 bene
456 1972 655 2019 faciendo
673 2011 683 2029 ‚
710 1973 834 2019 facile
864 1974 1098 2019 tribuendo
1126 1985 1166 2019 et
1191 1972 1558 2019 communicando
1580 1970 1701 2016 indi-

329 2044 529 2104 gentibus
549 2061 692 2089 veram
716 2044 1195 2107 apprehendantvitam
1213 2080 1223 2099 ‚
1248 2042 1460 2088 sedetiam
1486 2042 1567 2087 ista
1581 2057 1702 2104 prae-

329 2124 457 2176 cepta
479 2113 714 2176 apostolica
730 2113 912 2158 venditis
934 2114 1138 2159 omnibus
1159 2113 1245 2158 suis
1265 2113 1394 2158 rebus
1419 2111 1664 2175 implerent.

397 2184 560 2229 XXIX.
590 2183 697 2228 Haec
717 2183 749 2228 si
767 2183 945 2241 dicunt,
966 2184 1052 2229 scio
1073 2185 1239 2246 quippe
1257 2199 1326 2228 eos
1346 2182 1421 2227 illa
1434 2181 1702 2239 dicere‚non

335 2253 566 2300 attendunt
593 2253 797 2316 primitus
818 2253 1188 2316 quemadmodum
1215 2253 1430 2298 Dominus
1449 2261 1600 2296 contra
1626 2266 1704 2296 eo-

333 2341 431 2370 rum
454 2323 609 2382 dogma
634 2340 753 2368 suam
787 2323 966 2382 gratiam
992 2323 1312 2386 praedicaverit.
1349 2323 1448 2367 Non
1471 2320 1585 2366 enim
1608 2320 1666 2365 ait
1687 2337 1698 2365 ε

332 2393 465 2452 Quod
491 2393 744 2439 hominibus
777 2394 1044 2457 impossibile
1071 2394 1258 2450 videtur,
1281 2391 1406 2438 facile
1429 2402 1489 2437 est
1514 2390 1703 2436 homini-

329 2465 412 2509 bus
438 2464 470 2508 si
502 2462 745 2515 voluerint3
774 2464 879 2509 sed:
910 2485 930 2505 «
951 2463 1082 2521 Quod
1117 2463 1399 2521 hominibus,
1428 2461 1593 2524 inquit,
1619 2461 1703 2505 im-

334 2557 354 2576 »
379 2532 585 2597 possibile
608 2543 668 2578 est
685 2571 694 2589 ,
726 2535 815 2579 Deo
840 2534 965 2580 facile
991 2546 1052 2580 est
1080 2553 1090 2579 ι
1119 2533 1385 2581 »ostendens
1412 2530 1589 2597 quando
1623 2531 1702 2577 ista

380 2618 389 2638 ¹
409 2615 512 2648 Manh
547 2626 613 2650 xix,
635 2618 690 2657 23,
710 2622 763 2651 24,
786 2635 827 2641 -
844 2615 1027 2648 21bid.26.
