1799 3251
347 264 438 307 210
766 263 803 295 S.
844 261 1092 307 {DGUSTINI
1125 261 1332 305 EPISCOPI

344 352 366 373 »
383 329 491 390 justi
505 329 662 390 judicii
687 329 794 387 Dei,
817 328 893 392 qui
909 327 1061 387 reddet
1076 328 1313 391 unicuique
1331 329 1568 388 secundum
1589 344 1720 392 opera

344 423 367 459 ρ
389 400 522 461 63ι151.
550 422 570 442 ›>
591 398 819 462 Numquid
856 399 1062 462 quoniam
1086 398 1155 448 isti
1185 398 1229 451 in
1256 415 1331 445 sua
1356 399 1548 462 nequitia
1581 415 1719 462 perse-

343 482 522 528 verant,
555 469 654 516 ideo
678 471 794 529 Deus
817 469 864 527 in
889 486 964 525 sua
986 468 1194 533 patientia
1218 486 1306 514 non
1331 480 1570 532 persei-erat
1587 487 1597 525 3
1615 486 1720 532 per-

343 558 487 604 pauca
504 541 549 586 in
566 540 653 596 hoc
677 539 837 594 saeculo
856 539 1039 602 puniens
1058 574 1068 596 ,
1092 556 1145 584 ne
1164 537 1309 584 divina
1329 539 1604 602 providentia
1633 556 1721 586 non

342 629 431 665 esse
455 612 679 670 credatur3
702 622 744 666 et
769 610 908 664 multa
931 627 1102 656 servans
1124 609 1278 655 ultimo
1303 609 1482 669 examini
1501 647 1511 663 ,
1538 620 1585 655 ut
1604 609 1719 668 futu-

343 700 440 738 rum
455 683 676 743 judicium
687 680 1044 737 commendetur?

409 754 462 800 V.
493 754 591 807 Non
606 789 617 810 ‚
648 763 696 798 ut
718 752 890 815 opinor,
912 750 1119 809 Magister
1142 749 1214 794 ille
1237 749 1423 809 coelestis
1452 750 1718 812 impietatem

341 842 423 880 1³08
437 824 612 884 diligere
629 823 857 887 praecipit‚
881 837 980 867 cum
1000 819 1205 883 praecipit
1225 830 1272 865 ut
1294 831 1462 865 nostros
1490 820 1723 880 diligamus

342 896 541 951 inimicos
555 932 564 950 ‚
587 894 909 950 benefaciamus
925 892 983 945 eis
998 929 1010 948 ,
1029 890 1104 954 qui
1126 908 1202 936 nos
1220 890 1432 946 oderunt,
1454 908 1622 950 oremus
1641 909 1722 954 pro

344 968 402 1013 eis
421 967 496 1031 qui
515 983 592 1012 nos
605 974 953 1029 persequuntur:
973 979 1073 1019 cum
1089 961 1246 1025 procul
1265 961 1420 1020 dubio,
1445 961 1478 1020 si
1495 962 1563 1024 pie
1582 963 1720 1021 Deum

341 1037 552 1093 colimus,
573 1035 772 1089 inimicos
791 1045 920 1097 atque
942 1032 1052 1079 odiis
1073 1032 1300 1089 adversum
1321 1048 1396 1089 nos
1421 1032 1640 1090 acerrimis
1657 1033 1722 1078 in-

342 1109 503 1161 citatos
533 1124 581 1153 ac
608 1115 925 1169 persecutores,
955 1103 1038 1149 nisi
1070 1102 1251 1165 impios,
1282 1102 1444 1161 habere
1471 1119 1559 1155 non
1588 1103 1723 1166 possi-

339 1196 450 1233 mus,
494 1178 613 1230 Num
657 1175 789 1235 igitur
825 1171 1036 1233 diligendi
1073 1182 1172 1218 sunt
1210 1172 1338 1234 impii
1361 1175 1379 1218 Ξ)
1417 1173 1534 1231 Num
1573 1173 1722 1236 impiis

342 1245 703 1303 benefaciendum
721 1246 813 1299 est?
839 1245 956 1296 Num
976 1258 1058 1306 pro
1075 1241 1223 1304 impiis
1242 1241 1372 1286 etiam
1397 1240 1612 1303 orandum
1633 1246 1722 1291 est?

343 1321 410 1366 Ita
430 1318 558 1382 plane
601 1315 691 1373 Qui
707 1315 821 1368 enim
839 1313 926 1359 hoc
951 1312 1182 1376 praecipit,
1207 1313 1323 1358 Deus
1348 1322 1411 1357 est
1432 1330 1442 1357 :
1465 1330 1545 1372 nec
1576 1323 1722 1372 tamen

344 1381 424 1444 pos
459 1389 546 1448 hoc
579 1396 710 1450 pacto
746 1383 940 1430 societati
964 1382 1163 1443 adJungit
1184 1381 1449 1444 impiorum,
1489 1383 1649 1446 quibus
1683 1393 1725 1441 et

343 1460 437 1524 ipse
462 1455 685 1522 parcendo
706 1491 718 1512 ‚
744 1465 786 1511 et
808 1455 943 1500 vitam
967 1452 1236 1515 salutemque
1256 1451 1481 1512 largiendo
1498 1489 1508 1509 ‚
1534 1470 1623 1499 non
1643 1453 1725 1505 uti-

344 1547 430 1595 que
463 1528 665 1581 sociatur.
705 1523 953 1570 Concilium
973 1522 1141 1586 quippe
1171 1525 1287 1583 eJ'us,
1319 1533 1534 1585 quantum
1553 1523 1725 1585 homini

347 1602 424 1666 pio
452 1615 571 1653 nosse
599 1597 807 1643 donatum
829 1605 914 1648 est,
944 1594 1119 1656 exponit
1141 1591 1376 1656 Apostolus
1405 1592 1552 1645 dicens
1578 1611 1588 1636 :
1618 1614 1638 1635 α
1658 1594 1726 1655 Ig-

348 1681 372 1723 ζ»
386 1686 545 1724 notans
561 1667 661 1731 quia
677 1666 886 1730 patientia
905 1664 984 1709 Dei
1004 1663 1059 1709 ad
1080 1663 1381 1727 poenitentiam
1397 1674 1437 1708 te
1455 1663 1688 1725 adducit12³
1703 1685 1725 1715 4»

352 1742 420 1795 Ad
448 1741 532 1790 hac
557 1738 758 1784 volumus
792 1734 956 1787 adduci
985 1750 1066 1797 pro
1090 1733 1254 1797 quibus
1273 1732 1609 1788 intervenimus3
1637 1750 1726 1780 non

351 1828 498 1860 eorum
521 1807 712 1873 peccatis
732 1806 798 1852 vel
819 1805 1040 1869 parcimus
1054 1841 1065 1862 ‚
1098 1803 1172 1850 sed
1189 1803 1398 1851 favemus.

419 1882 494 1928 Vl.
526 1880 637 1924 Nam
663 1875 899 1940 quosdam,
923 1890 1111 1938 quorum
1136 1873 1319 1935 crimina
1342 1874 1567 1921 manifesta
1597 1885 1723 1931 sunt,

356 1973 379 2001 a
400 1962 538 2004 vestra
557 1948 778 1995 severitate
796 1945 1019 2003 liberatos,
1043 1962 1066 1989 a
1083 1944 1283 1989 societate
1298 1954 1439 1990 tamen
1459 1962 1728 2004 removemus

356 2022 524 2077 altaris,
559 2029 607 2064 ut
631 2014 887 2080 poenitendo
912 2014 1088 2077 placare
1112 2013 1306 2076 possint,
1346 2031 1473 2076 quem
1500 2014 1727 2078 peccando

353 2098 725 2153 contempserant,
758 2102 885 2150 seque
903 2086 1018 2148 ipsos
1051 2083 1290 2147 puniendo.
1330 2085 1441 2130 Nam
1473 2084 1584 2130 nihil
1608 2084 1727 2147 aliud

357 2165 444 2225 agit
458 2200 468 2218 ‚
489 2176 619 2224 quem
634 2157 841 2213 veracitei¹
855 2154 1041 2218 poenitet
1057 2191 1067 2210 ,
1087 2154 1168 2199 nisi
1187 2164 1233 2199 ut
1249 2153 1293 2199 id
1308 2153 1427 2218 quod
1443 2154 1544 2217 mali
1558 2154 1724 2211 fecerit,

356 2226 625 2298 impunitum
646 2245 731 2274 esse
752 2244 838 2272 non
865 2227 987 2272 sinat.
1017 2226 1080 2271 Eo
1099 2225 1265 2287 quippe
1280 2224 1410 2270 modo
1424 2225 1506 2269 sibi
1525 2242 1613 2270 non
1627 2242 1727 2288 par-

352 2304 470 2357 centi
489 2302 560 2356 ille
581 2298 749 2363 parcit,
773 2300 899 2357 cuj-us
922 2295 1057 2341 altum
1078 2299 1333 2358 J'ustumque
1350 2294 1569 2355 judicium
1585 2295 1729 2341 nullus

354 2382 631 2435 contemptor
656 2367 814 2425 evadit.
849 2365 982 2424 Quod
1011 2365 1045 2411 si
1068 2364 1228 2428 iniquis
1251 2376 1292 2411 et
1316 2364 1501 2414 scelestis
1520 2365 1591 2411 ille
1619 2383 1727 2429 par-

355 2443 495 2499 cendo
511 2480 520 2498 ‚
540 2441 686 2502 eisque
710 2441 843 2495 vitam
870 2435 1138 2498 salutemque
1158 2434 1403 2495 largiendo,
1421 2436 1548 2482 etiam
1569 2435 1727 2499 pleris-

348 2531 439 2581 que
461 2527 635 2567 eorum,
657 2525 767 2572 quos
793 2507 916 2561 novit
931 2522 1022 2553 non
1043 2515 1216 2558 acturos
1233 2506 1537 2568 poenitentiam
1551 2543 1562 2564 ‚
1586 2516 1728 2552 tamen

401 2600 411 2621 ¹
430 2598 527 2628 Rom.
544 2603 582 2636 ιι,
599 2593 628 2624 3.
