1799 3251
290 268 376 313 232
709 285 742 313 s.
788 284 1029 315 AUGUSTINI
1068 287 1267 317 EPISCOP!

283 363 470 410 eumque
488 347 663 394 beatum
690 348 845 397 dicere.
871 350 953 395 Sed
980 351 1150 398 addidit
1168 353 1295 398 etiam
1314 353 1486 399 dolores
1501 353 1661 414 gravis-

283 417 412 462 simos
436 419 648 480 corporis,
674 419 748 481 qui
773 436 868 465 eum
892 421 923 465 si
952 438 1038 466 non
1064 422 1463 486 interemerintipse
1486 441 1527 469 se
1554 424 1662 469 inte·

281 487 411 532 rimat
430 524 439 537 ,
464 498 505 532 et
533 487 584 532 ad
613 499 788 550 portum
816 508 901 535 uon
927 492 1135 536 sentiendi
1164 493 1245 537 liac
1270 493 1476 539 liberatus
1504 495 1664 539 virtute

284 557 520 619 perveniat.
573 558 700 603 Cedit
734 560 865 619 igitur
905 561 1075 623 sapiens
1104 562 1423 607 imu‘xauissimis
1464 563 1665 608 cladibus

286 637 413 689 atque
437 630 701 683 succumbit,
730 630 772 674 iu
794 641 960 675 tautum
991 642 1035 676 ut
1052 633 1109 676 eis
1133 643 1311 691 cogatur
1338 644 1379 677 et
1403 633 1444 677 in
1466 634 1664 695 seipsum

286 697 571 742 homicidium
617 710 876 762 perpetrare.
919 701 1001 745 (alui
1028 704 1118 759 jam
1147 713 1295 763 parcat
1336 713 1378 747 ut
1418 702 1500 747 illis
1524 713 1667 748 careat

286 766 427 820 malis,
451 768 524 831 qui
552 770 633 814 sibi
657 772 745 832 ipse
769 787 853 815 uon
874 771 1014 833 parcit
1031 776 1049 815 2³
1075 772 1200 816 (lt-rte
1225 789 1392 834 semper
1412 773 1563 818 beatus
1584 783 1662 827 est,

287 848 402 883 certe
430 838 598 883 beatam
626 841 756 885 vitam
787 841 828 884 in
860 858 935 886 sua
973 852 1179 902 potestate
1202 844 1484 887 constitutam
1507 878 1519 896 ‚
1550 842 1668 888 nulla

291 908 332 953 vi
350 918 493 969 potest
521 908 650 954 ullius
674 910 932 955 calamitatis
969 912 1178 958 amittere.
1206 914 1318 957 Ecce
1345 913 1388 957 in
1414 912 1609 957 caecitate
1629 924 1669 957 et

288 977 500 1022 surditate
523 989 563 1023 et
584 980 860 1025 atrocissimis
887 980 1156 1026 cruciatibus
1186 982 1406 1044 corporis,
1435 993 1509 1028 aut
1530 981 1671 1027 amisit

288 1048 463 1093 beatam
483 1048 641 1102 vita1n3
669 1060 744 1095 aut
768 1047 802 1095 si
825 1050 923 1095 etin
946 1050 1037 1095 istis
1056 1052 1362 1097 afflictionibus
1379 1051 1527 1097 adhuc
1542 1052 1668 1097 beata

286 1127 375 1171 est,
399 1117 447 1162 fit
470 1134 548 1179 per
576 1118 880 1178 hujuscemodi
901 1119 1249 1166 doctissimorum
1266 1121 1497 1166 hominum
1513 1121 1670 1183 dispu-

285 1188 472 1232 tationes
496 1223 506 1242 ,
539 1199 585 1232 ut
617 1190 650 1233 si
684 1189 920 1253 aliquando
953 1190 1079 1235 beata
1106 1191 1193 1236 vita
1218 1208 1351 1254 quam
1373 1191 1542 1254 sapiens
1563 1190 1673 1236 ferre

289 1274 378 1303 non
405 1259 565 1320 possit3
589 1258 678 1313 vel,
711 1260 828 1323 quod
849 1271 912 1305 est
936 1259 1192 1316 absurdius,
1225 1278 1355 1323 quam
1376 1261 1545 1323 sapiens
1565 1260 1673 1306 ferre

293 1346 378 1374 non
402 1329 556 1374 debeat
572 1366 582 1384 ,
607 1347 787 1393 eamque
808 1331 946 1390 fugiat
966 1368 975 1386 ‚
1002 1331 1256 1393 abrumpat.
1277 1331 1474 1390 abjiciat,
1501 1347 1674 1393 seseque

291 1400 345 1444 ab
368 1416 415 1444 ea
446 1399 556 1444 ferro
582 1400 710 1445 etiam
745 1418 818 1446 seu
840 1418 1002 1446 veneno
1022 1439 1032 1455 ‚
1070 1402 1136 1447 vel
1161 1402 1240 1446 alia
1265 1401 1509 1446 voluntaria
1538 1411 1674 1446 morte

298 1469 547 1522 subducat3
581 1481 628 1515 ut
652 1471 695 1516 iu
720 1482 851 1533 portu
878 1489 961 1517 nou
994 1472 1202 1517 sentiendi
1231 1471 1297 1516 vel
1331 1470 1474 1516 nullus
1497 1472 1674 1516 omniuo

303 1542 380 1594 sit,
405 1540 525 1604 quod
553 1541 782 1603 Epicurei,
804 1552 846 1586 et
860 1542 892 1586 si
915 1542 988 1604 qui
1009 1542 1079 1587 alii
1103 1542 1230 1586 simili
1251 1540 1429 1586 stultitia
1450 1577 1460 1595 ‚
1491 1551 1676 1603 putare-

298 1622 429 1666 1'unt3
467 1611 533 1656 vel
554 1611 650 1657 ideo
678 1612 846 1667 beatus,
870 1614 1075 1675 quoniam
1098 1612 1225 1657 fuerit
1249 1612 1302 1657 ab
1322 1611 1392 1656 illa
1420 1611 1545 1656 beata
1563 1611 1671 1665 vita,

309 1693 512 1744 tauquam
551 1682 604 1726 ab
629 1681 773 1744 aliqua
805 1694 920 1744 peste
953 1683 1173 1728 liberatus.
1213 1683 1251 1727 O
1281 1681 1460 1726 nimium
1490 1681 1677 1743 superba

300 1751 534 1812 jactantia!
568 1750 611 1796 Si
643 1757 767 1796 beata
789 1754 877 1798 vita
909 1763 971 1797 est
990 1753 1033 1797 in
1053 1753 1319 1797 cruciatibus
1345 1751 1538 1813 corporis
1562 1787 1572 1804 ‚
1599 1767 1678 1796 cur

306 1839 393 1868 non
413 1822 457 1866 iu
482 1839 529 1866 ea
548 1832 691 1865 manet
714 1823 883 1884 sapiens
909 1833 955 1866 ut
978 1822 1180 1867 fruatur?
1205 1822 1236 1866 si
1259 1832 1399 1865 autem
1424 1821 1573 1865 misera
1596 1830 1674 1875 est,

309 1891 446 1957 quid,
473 1890 652 1935 obsecro
685 1902 723 1935 te
743 1928 753 1946 ,
780 1892 860 1936 nisi
893 1893 1055 1954 typhus
1082 1892 1268 1954 impedit
1300 1908 1351 1936 ne
1380 1890 1563 1936 fateatur
1586 1927 1596 1945 ‚
1626 1907 1678 1936 ne

312 1973 402 2009 oret
423 1963 561 2007 Deum
580 1998 590 2016 ,
612 1965 796 2021 ne-justo
818 1972 859 2007 et
880 1962 1143 2007 misericordi
1165 1961 1411 2024 supplicet,
1436 1961 1510 2023 qui
1529 1972 1681 2023 potens

303 2044 366 2080 est
389 2043 430 2078 et
454 2031 555 2076 vita-3
581 2031 712 2090 liujus
738 2031 849 2076 mala
874 2032 941 2077 vel
972 2043 1162 2077 avertere
1184 2031 1248 2076 vel
1275 2030 1470 2090 mitigare
1488 2067 1499 2085 ,
1528 2030 1595 2076 vel
1628 2029 1684 2075 ad

313 2123 360 2151 ea
386 2101 607 2149 toleranda
632 2101 885 2148 fortitudine
911 2119 1102 2158 armare,
1137 2102 1202 2147 vel
1227 2102 1282 2147 ab
1308 2101 1365 2146 cis
1399 2101 1518 2146 omni
1554 2099 1683 2146 modo

312 2176 523 2226 liberare3
547 2183 587 2218 et
604 2184 702 2236 post
729 2173 827 2218 liaec
846 2189 942 2218 vere
961 2173 1132 2219 beatam
1161 2172 1294 2217 vitam
1320 2171 1446 2224 dare,
1471 2187 1558 2233 quo
1581 2170 1683 2215 nul-

305 2245 397 2291 lum
419 2243 578 2289 malum
598 2242 871 2298 admittatur,
891 2252 932 2287 et
948 2243 1020 2288 ubi
1037 2259 1254 2288 summum
1268 2242 1433 2286 bonum
1460 2256 1682 2303 nunquam

316 2316 569 2361 amittatur?

382 2385 455 2432 lv.
488 2386 584 2430 Hoc
609 2385 783 2448 piorum
806 2384 1036 2447 praemium
1062 2394 1120 2429 est
1142 2421 1151 2438 ‚
1177 2388 1302 2442 cujus
1327 2380 1683 2445 adipiscendispe

310 2459 444 2504 vitam
466 2455 590 2501 istam
617 2455 896 2519 temporalem
922 2466 1050 2519 atque
1076 2454 1299 2500 mortalem
1322 2469 1410 2499 non
1438 2464 1522 2498 tani
1544 2451 1685 2497 delec-

314 2527 503 2574 tabiliter
528 2543 658 2590 quarn
691 2526 971 2572 tolerabiliter
995 2525 1198 2571 ducimus
1218 2561 1228 2573 .
1259 2534 1300 2570 et
1334 2523 1445 2568 mala
1467 2524 1558 2581 ejus
1581 2532 1683 2567 tunc

313 2601 428 2645 bono
451 2596 630 2642 consilio
647 2608 688 2642 et
708 2596 856 2644 divino
878 2613 1054 2643 munere
1075 2594 1241 2641 sortiter
1259 2594 1433 2639 ferimus
1451 2630 1461 2645 ,
1484 2609 1583 2637 eum
1606 2592 1683 2637 ho·
