1799 3251
592 336 805 367 EPISTOLA
841 337 985 368 crxv1.
1388 325 1475 381 341

110 400 242 458 latur,
261 400 353 464 ipsa
368 400 652 461 novitatejam
674 400 892 464 displicet.
911 401 1076 448 Deinde
1093 404 1189 466 quis
1202 403 1327 459 ferat,
1341 405 1375 450 si
1385 421 1478 451 cre-

111 471 218 518 dant
242 488 283 516 se
305 471 384 526 illi,
407 471 483 534 qui
503 471 557 517 ad
572 471 837 535 baptismum
857 488 955 516 cum
972 473 1058 518 suis
1075 473 1266 536 parvulis
1284 486 1482 533 currunt,

109 552 290 605 propter
314 558 462 587 carnes
480 558 647 596 eorum,
671 558 759 586 non
777 553 957 604 propter
973 543 1136 589 animas
1152 548 1355 591 currere?
1375 546 1481 591 Bea-

109 621 178 656 tus
191 610 366 673 quidem
387 612 634 674 Cyprianus
656 628 741 656 non
762 611 939 674 aliquod
957 611 1177 659 decretum
1199 614 1388 661 condens
1404 625 1485 661 no-

106 696 211 727 vum
235 679 273 736 1,
295 680 367 725 sed
388 682 591 727 Ecclesiae
612 680 741 727 fidem
760 681 1050 726 firmissimam
1069 699 1241 729 servans
1266 684 1321 729 ad
1341 685 1484 730 corri-

106 749 294 811 gendum
316 768 403 807 eos,
425 752 502 814 qui
525 751 742 814 putabant
761 761 859 796 ante
878 761 1082 797 octavum
1105 752 1220 797 diem
1244 754 1483 799 nativitatis

104 837 194 866 non
218 837 303 866 esse
326 821 559 884 parvulum
578 820 913 884 baptizandum,
955 838 1046 866 non
1079 839 1272 879 carnem,
1295 823 1368 869 sed
1387 824 1485 869 ani-

104 908 219 936 mam
238 891 344 937 dixit
370 913 391 933 «
412 893 510 938 Non
539 909 626 938 esse
645 891 914 955 perdendam
931 928 942 948 ‚
965 912 986 933 »
1020 903 1061 937 et
1081 910 1178 938 mox
1200 904 1371 950 natum,
1405 894 1486 940 rite

102 961 319 1024 baptizari
340 979 482 1025 posse,
507 979 608 1008 cum
623 962 708 1007 suis
723 961 989 1024 quibusdam
1009 964 1276 1027 coepiscopis
1295 965 1476 1012 censuit.

166 1030 328 1077 XXIV.
370 1030 454 1076 Sed
488 1042 641 1077 contra
667 1032 878 1094 Cypriani
899 1031 1087 1095 aliquam
1107 1034 1376 1096 opinionem,
1404 1034 1483 1080 ubi

102 1099 221 1163 quod
244 1099 482 1146 videndum
506 1101 604 1157 fuit,
639 1101 813 1146 fortasse
836 1118 925 1147 non
948 1102 1076 1157 vidit,
1111 1105 1266 1149 sentiat
1295 1105 1481 1167 quisque

100 1170 219 1234 quod
240 1170 373 1224 libet;
415 1183 584 1217 tantum
611 1183 764 1218 contra
788 1172 1070 1235 apostolicam
1091 1174 1481 1220 manifestissimam

100 1240 232 1286 fidem
249 1258 374 1286 nemo
394 1243 562 1298 sentiat,
581 1259 681 1306 quae
711 1260 758 1287 ex
779 1243 906 1288 unius
942 1242 1101 1289 delicto
1127 1261 1274 1289 omnes
1298 1245 1345 1290 in
1377 1262 1480 1290 con-

100 1310 420 1356 demnationem
439 1312 541 1357 duci
559 1312 773 1374 praedicat
803 1330 813 1357 :
835 1330 883 1358 ex
905 1330 992 1375 qua
1007 1313 1369 1359 condemnatione
1391 1331 1481 1360 non

98 1379 272 1437 liberat,
299 1381 381 1426 nisi
418 1382 555 1441 gratia
579 1383 657 1427 Dei
697 1400 775 1444 per
802 1383 948 1427 Jesum
983 1383 1211 1429 Christum
1244 1384 1480 1430 Dominum

98 1460 314 1504 nostrum,
341 1451 386 1495 in
405 1468 493 1514 quo
514 1468 601 1496 uno
624 1468 772 1496 omues
796 1452 1093 1508 vivificantur,
1115 1453 1385 1516 quicumque
1408 1454 1473 1499 vi-

98 1521 332 1567 vificantur
348 1522 383 1567 2.
407 1524 572 1567 Contra
591 1522 794 1567 Ecclesiae
807 1522 1158 1569 fundatissimum
1175 1542 1334 1570 morem
1350 1541 1476 1570 nemo

98 1591 269 1644 sentiat,
296 1591 375 1637 ubi
401 1592 454 1637 ad
471 1593 759 1655 baptismum,
787 1593 818 1637 si
842 1605 1021 1655 propter
1068 1595 1155 1639 sola
1193 1595 1475 1657 parvulorum

97 1677 284 1724 corpora
300 1673 565 1717 curreretur,
585 1662 837 1724 baptizandi
863 1663 1172 1708 offerrenturet
1195 1664 1370 1710 mortui.

162 1731 299 1778 XXV.
326 1732 438 1788 Quae
476 1748 577 1777 cum
596 1732 655 1776 ita
684 1732 786 1787 sint,
815 1732 1051 1794 quaerenda
1091 1750 1216 1778 causa
1241 1743 1318 1786 est,
1347 1743 1476 1796 atque

96 1801 335 1857 reddenda,
363 1819 494 1865 quare
517 1802 779 1848 damnentur
799 1802 955 1848 animae
974 1824 985 1857 ;
1005 1820 1105 1866 quae
1130 1820 1257 1849 novae
1273 1814 1477 1849 creantur

96 1871 275 1931 singulis
291 1873 540 1936 quibusque
563 1873 855 1928 nascentibus,
877 1873 911 1917 si
932 1885 1090 1935 praeter
1128 1873 1293 1919 Christi
1318 1874 1477 1919 Sacra-

96 1952 290 1986 mentum
312 1942 484 2005 parvuli
506 1942 762 1988 moriantur.
789 1944 998 1988 Damnari
1026 1943 1139 1988 enim
1168 1960 1254 1999 eas,
1286 1944 1319 1988 si
1345 1944 1405 1989 sic
1423 1943 1477 1989 de

96 2027 278 2074 corpore
307 2012 502 2065 exierint,
523 2023 565 2058 et
584 2023 731 2058 sancta
757 2012 1008 2075 Scriptura,
1040 2023 1081 2058 et
1100 2024 1247 2058 sancta
1270 2024 1332 2058 est
1364 2015 1481 2059 testis

96 2081 303 2128 Ecclesia.
333 2082 454 2128 Unde
474 2082 546 2127 illa
563 2082 617 2127 de
646 2082 889 2127 animarum
917 2099 1128 2128 novarum
1143 2084 1360 2128 creatione
1376 2101 1478 2129 sen-

94 2152 245 2206 tentia,
272 2152 333 2198 sic
353 2153 470 2198 hanc
494 2153 623 2198 fidem
644 2152 990 2199 fundatissimam
1030 2170 1119 2198 non
1154 2165 1401 2217 oppugnat,
1423 2154 1479 2200 sit

94 2232 134 2267 et
158 2240 253 2268 mea
277 2240 288 2267 t
313 2224 346 2268 si
371 2234 613 2286 oppugnat,
638 2240 725 2268 non
753 2224 806 2269 sit
831 2235 872 2269 et
894 2235 981 2270 tua.

156 2293 316 2340 XXVI.
345 2294 455 2338 Nolo
480 2294 589 2339 mihi
612 2294 785 2340 dicatur
800 2313 880 2357 pro
896 2296 979 2340 hac
1002 2294 1210 2340 sententia
1227 2294 1384 2340 debere
1405 2312 1475 2341 ac-

93 2364 182 2426 cipi
200 2364 318 2426 quod
348 2364 559 2427 scriptum
591 2374 652 2410 est
673 2381 683 2408 ε
707 2386 726 2405 «
751 2366 840 2421 Qui
860 2365 981 2410 finxit
1000 2364 1200 2427 spiritum
1223 2364 1413 2409 hominis
1430 2365 1476 2410 in

93 2433 221 2497 »ipso
240 2434 274 2490 ³,
295 2445 351 2491 et,
370 2434 457 2490 Qui
478 2434 601 2479 finxit
620 2434 868 2495 singillatim
889 2435 1019 2480 corda
1040 2451 1186 2480 corum
1205 2433 1238 2480 4.
1262 2433 1474 2496 »Aliquid

92 2502 374 2550 fortissimum
396 2515 524 2567 atque
543 2504 875 2551 invictissimum
900 2504 1207 2567 requirendum
1235 2514 1314 2559 est,
1352 2503 1472 2565 quod

143 2591 154 2612 ¹
168 2594 311 2636 Epistola
328 2596 380 2636 59,
398 2595 438 2628 ad
458 2595 582 2628 Fidum.
603 2613 648 2620 -
666 2593 682 2616 2
699 2598 792 2627 Rom.
811 2605 843 2638 v,
877 2607 928 2635 19.
951 2613 994 2619 ·—
1009 2592 1023 2617 3
1041 2593 1138 2628 Zach.
1165 2605 1228 2636 x11,
1258 2606 1286 2627 t.
1301 2610 1347 2617 --
1365 2591 1378 2615 ⁴
1391 2594 1478 2628 Psal-

99 2658 203 2690 xxxxi,
227 2650 279 2682 15.
