1799 3251
513 297 726 329 EPIsTOLA
759 299 942 330 cxtvm.
1331 284 1417 332 155

52 363 268 419 funditur,
297 363 365 409 vel
399 363 549 409 finitur
565 400 576 419 ‚
608 363 714 409 alibi
737 364 902 411 habens
924 365 1051 411 aliam
1077 375 1244 430 partem
1262 401 1273 421 ,
1313 364 1419 411 alibi

52 433 197 490 aliam,
218 434 263 479 in
278 433 449 489 minore
469 433 566 479 loco
596 434 827 490 minorem,
850 435 896 480 in
913 440 1075 495 majore
1099 439 1324 495 majorem,
1348 434 1420 480 sed

53 505 216 568 ubique
235 503 566 567 incorporaliter
578 515 665 549 tota
677 515 738 549 est
754 524 765 559 3
783 504 911 565 longe
932 506 1051 551 aliud
1066 516 1193 552 erunt
1211 505 1310 551 haec
1327 521 1422 550 cor³

51 584 227 639 pora7et
240 592 324 619 non
343 585 468 620 erunt
485 575 601 638 ipsa3
624 592 702 620 nec
717 574 804 620 sola
816 575 1007 621 detracta
1019 575 1280 621 mortalitate
1294 586 1421 637 atque

51 645 331 707 corruptione
351 655 391 690 et
410 645 613 709 ponderis
635 645 840 704 gravitate
862 645 982 691 aliud
1005 655 1150 700 erunt,
1170 645 1244 690 sed
1262 645 1308 690 in
1334 645 1422 689 vir-

50 715 340 778 tutem‘ipsius
360 716 512 761 mentis
528 715 720 779 quodam
739 716 870 762 modo
887 725 1209 772 convertentur,
1230 715 1263 760 si
1278 714 1423 760 videre

51 796 256 850 poterunt
296 786 518 849 quomodo
554 798 660 832 tunc
697 787 848 842 menti,
879 803 998 832 nunc
1036 797 1179 832 autem
1218 802 1297 830 nec
1340 785 1422 848 ipsi

51 856 341 902 mentividere
365 874 614 903 concessum
635 870 710 904 est.
737 858 781 903 Si
800 859 914 903 enim
934 857 1111 903 mutatis
1135 856 1332 902 moribus
1353 855 1425 901 di-

50 927 187 973 cimus
223 927 444 973 hominem
485 945 573 973 non
606 945 690 973 esse
719 928 795 992 qui
830 927 939 983 fuit,
969 928 1002 973 si
1028 927 1214 990 denique
1251 925 1425 971 mutatis

51 998 252 1043 aetatibus
291 998 435 1061 ipsum
462 1016 622 1062 corpus
666 998 853 1044 dicimus
876 1016 965 1044 non
1010 1015 1096 1044 esse
1140 996 1260 1062 quod
1307 996 1390 1042 fuit
1411 1013 1422 1040 ι

52 1079 214 1131 quanto
236 1069 372 1128 magis
387 1070 529 1133 ipsum
546 1087 632 1115 non
646 1070 743 1133 erit,
765 1080 883 1115 tanta
898 1069 1176 1115 conversione
1192 1077 1427 1123 mutatum,

34 1150 102 1185 ‘ut
124 1156 208 1185 non
239 1139 377 1185 solum
392 1141 696 1186 immortaliter
719 1141 854 1195 vivat,
871 1140 1154 1186 verumetiam
1174 1137 1434 1190 invisibilem

52 1209 233 1255 videat.3
262 1212 545 1274 Quapropter
574 1212 606 1257 si
631 1211 846 1257 videbunt
872 1213 1012 1257 Deum
1029 1247 1039 1266 ‚
1067 1227 1156 1255 non
1181 1209 1300 1254 istius
1330 1224 1431 1253 cor-

54 1281 170 1345 poris
189 1281 304 1326 oculi
325 1281 562 1335 videbunt3
588 1282 691 1345 quia
718 1293 758 1328 et
781 1282 824 1327 in
844 1282 931 1327 hoc
959 1298 1048 1326 non
1067 1290 1147 1326 erit
1166 1279 1309 1342 ipsum
1331 1295 1432 1324 cor-

55 1353 137 1415 pus
157 1366 291 1415 usque
310 1351 354 1396 in
394 1352 513 1397 illam
539 1353 626 1397 vim
651 1352 978 1415 potentiamque
1003 1361 1237 1405 mutatum,
1262 1359 1302 1394 et
1346 1364 1434 1393 non

55 1429 117 1467 est
140 1422 356 1467 contraria
376 1423 455 1468 ista
485 1422 634 1486 opinio
653 1423 735 1469 illis
760 1423 904 1470 verbis
922 1421 1117 1485 epistolae
1137 1437 1261 1466 meae.
1293 1419 1337 1464 Si
1353 1435 1436 1463 au·-

59 1502 142 1543 tem
169 1493 379 1538 hactenus
399 1510 486 1539 non
513 1494 594 1539 erit
619 1494 782 1558 ipsum,
815 1493 919 1558 quia
946 1509 1065 1544 nunc
1100 1489 1300 1546 mortale,
1327 1500 1434 1534 tunc

55 1563 298 1609 immortale
315 1580 433 1609 nunc
457 1581 691 1624 aggravans
713 1564 900 1609 animam
916 1600 926 1619 ‚
959 1573 1063 1608 tunc
1086 1560 1207 1606 nullo
1242 1559 1435 1624 pondere

60 1632 115 1679 ad
138 1650 310 1678 omnem
347 1644 514 1680 motum
539 1635 619 1680 erit
641 1634 895 1680 facillimum
918 1651 928 1678 :
957 1632 1008 1678 ad
1033 1630 1222 1677 videnda
1239 1626 1340 1675 vero
1357 1646 1404 1674 ea
1424 1665 1435 1684 ‚

58 1712 160 1768 quae
193 1704 389 1750 locorum
431 1706 581 1768 spatiis
618 1705 943 1768 intervallisque
983 1697 1250 1756 cernuntur,
1293 1700 1326 1745 si
1351 1716 1439 1745 non

62 1773 179 1820 aliud
204 1791 334 1837 quam
380 1775 524 1838 ipsum
569 1776 665 1830 erit,
714 1776 999 1821 substantiam
1042 1771 1364 1835 incorporalem
1400 1779 1442 1815 et

63 1845 226 1908 ubique
257 1837 549 1891 totam‘null'o
584 1845 716 1891 modo
744 1845 928 1891 videbit.
970 1844 1068 1890 Sive
1104 1842 1204 1902 ergo
1227 1841 1333 1896 hoc,
1354 1840 1440 1885 sive

62 1914 171 1960 illud
195 1931 344 1960 verum
370 1915 440 1969 sit,
469 1915 706 1961 secundum
729 1926 964 1978 utrumque
979 1929 1130 1959 verum
1161 1922 1222 1957 est
1237 1909 1357 1974 quod
1382 1909 1442 1954 is-

66 1985 146 2042 tius
164 1985 358 2048 corporis
380 1985 495 2030 oculi
523 1986 658 2031 Deum
685 2003 773 2031 non
797 1985 1026 2030 videbunt.
1057 1985 1144 2029 Aut
1168 1981 1283 2027 enim
1321 1979 1444 2025 istius

64 2064 208 2109 erunt,
244 2067 285 2101 et
314 2073 403 2100 non
433 2055 675 2109 videbunt3
718 2067 792 2102 aut
824 2073 911 2101 non
930 2065 1058 2102 erunt
1090 2054 1233 2107 istius,
1257 2051 1291 2097 si
1313 2050 1444 2098 vide-

71 2125 210 2183 bunt3
239 2128 446 2189 quoniam
471 2137 590 2173 tanta
617 2128 957 2172 commutatione
979 2126 1107 2184 longe
1150 2122 1326 2169 alterius
1346 2137 1445 2167 cor-

71 2214 189 2260 poris
206 2208 345 2244 erunt.

76 2284 78 2286 ’
136 2269 208 2313 Ν.
243 2269 327 2314 Sed
353 2280 528 2332 paratus
549 2286 661 2319 sum,
686 2268 846 2333 siquid
878 2268 932 2314 de
959 2267 1042 2313 hac
1063 2283 1108 2312 re
1134 2265 1287 2312 melius
1325 2265 1446 2310 novit

69 2339 144 2385 hic
166 2338 317 2395 frater,
342 2340 407 2385 vel
427 2340 482 2385 ab
508 2340 620 2404 ipso,
657 2340 724 2386 vel
761 2339 909 2386 abillo
933 2357 954 2384 a
974 2355 1062 2402 quo
1083 2336 1263 2392 didicit,
1284 2335 1439 2382 dicere.

75 2409 207 2466 Quod
227 2411 259 2454 si
274 2409 505 2456 irridenter
525 2410 732 2465 dicerem,
759 2411 889 2455 etiam
910 2408 1019 2455 iliud
1040 2407 1094 2453 de
1118 2407 1209 2452 Deo
1228 2403 1448 2469 corporali

73 2481 365 2544 membrisque
388 2499 462 2543 per
486 2481 580 2527 loca
596 2481 805 2528 divisibili
823 2519 834 2537 ,
856 2481 1043 2527 dicerem
1065 2488 1266 2543 paratum
1280 2494 1348 2522 me
1366 2492 1452 2522 esse

71 2551 218 2598 dic-ere
235 2569 248 2607 εμ
273 2551 390 2615 quod
411 2570 498 2598 non
521 2552 638 2607 dieo,
660 2553 762 2617 quia
787 2570 876 2598 non
923 2550 1152 2598 irridenter
1191 2548 1374 2612 loquor,
1414 2555 1457 2591 et

74 2623 202 2670 talem
219 2625 359 2668 Deum
386 2640 472 2669 non
497 2641 581 2670 esse
604 2624 782 2670 omnino
802 2640 891 2669 non
918 2621 1106 2682 ambigo,
1122 2630 1165 2667 et
1184 2636 1238 2665 ne
1258 2616 1353 2664 talis
1364 2632 1452 2663 esse
