1799 3251
354 265 416 321 54
763 280 798 310 s.
843 278 1084 310 Aucusrnw
1119 278 1322 310 muscom

351 356 443 399 ταῖς
463 354 505 391 et
526 344 624 391 haec
645 354 706 391 est
731 344 959 405 longitudo
983 364 993 389 ε
1023 344 1111 390 hoc
1126 354 1269 390 autem
1289 355 1430 392 totum
1444 355 1626 411 propter
1641 343 1729 393 adi-

355 416 607 482 piscendam
640 416 773 462 vitam
817 416 920 462 facit
944 427 1165 471 aeternam,
1188 432 1288 478 quae
1311 416 1376 462 illi
1397 418 1669 481 promittitur
1687 417 1732 464 iu

352 487 539 541 excels-03
561 498 603 532 et
628 486 726 532 haec
749 486 935 531 altitudo
970 497 1045 532 est.
1074 486 1227 531 Existit
1263 503 1363 532 vero
1383 504 1430 533 ex
1451 488 1626 533 occulto
1652 487 1732 533 ista

353 557 560 612 charitas,
589 557 664 601 uhi
693 556 864 601 fundati
892 567 931 601 et
953 556 1133 601 radicati
1152 555 1343 619 quodam
1368 557 1503 602 modo
1523 555 1729 611 sumu513

354 627 434 673 ubi
457 643 598 673 causae
623 626 857 672 voluntatis
884 627 958 672 Dei
978 644 1064 672 non
1089 626 1417 685 investigantur,
1456 632 1579 688 cujus
1597 627 1734 688 gratia

357 714 505 744 sumus
525 696 630 742 salvi
662 696 783 751 facti,
812 714 898 742 non
924 715 970 742 ex
994 697 1395 760 operibusjustitiae
1421 715 1519 761 quae
1554 698 1736 744 fecimus

354 785 463 824 nos,
503 767 576 813 sed
613 766 857 813 secundum
893 770 986 826 ejus
1028 765 1369 812 misericordiam
1393 768 1426 814 ⁶².
1482 767 1737 813 voluntarie

359 839 527 903 quippe
554 838 702 898 genuit
733 854 810 883 nos
836 838 970 884 verbo
994 837 1201 892 veritam,
1231 846 1272 881 et
1290 837 1387 882 haec
1417 838 1617 884 voluntas
1646 841 1737 898 ers

355 911 401 956 in
444 909 594 955 abdito
628 919 688 955 est
722 908 752 956 3.
793 910 929 968 Cujus
973 908 1123 954 secreti
1161 907 1505 971 profunditatem
1547 909 1735 973 quodam

357 980 491 1027 modo
521 997 800 1043 expavescens
826 979 1059 1043 Apostolus
1086 978 1272 1024 clamat:
1302 1000 1321 1020 α
1339 979 1378 1025 O
1399 979 1586 1025 altitudo
1622 978 1738 1026 divi-

357 1071 378 1091 »
406 1051 563 1096 tiarum
584 1050 806 1113 sapientiae
833 1060 873 1095 et
903 1049 1094 1095 scientiae
1122 1049 1223 1094 Dei!
1254 1050 1399 1105 Quam
1434 1049 1739 1096 inscrutabilia

359 1142 380 1163 »
403 1120 682 1180 suntjudicia
700 1125 806 1180 ejus,
835 1130 876 1166 et
900 1119 1223 1179 investigabiles
1241 1120 1324 1166 viae
1351 1121 1467 1180 ejus!
1497 1121 1606 1177 Quis
1622 1120 1739 1166 enim

358 1191 600 1251 »cognovit
628 1207 797 1236 sensum
833 1190 1011 1235 Domini
1032 1189 1086 1235 *¹¹2³
1122 1211 1141 1231 ε(
1168 1201 1207 1235 et
1235 1190 1321 1235 hoc
1355 1201 1417 1236 est
1447 1190 1733 1254 profundum.

358 1260 557 1308 Altitudo
572 1261 739 1324 quippe
758 1278 897 1306 comm
908 1278 988 1306 une
1003 1277 1159 1306 nomen
1179 1271 1240 1306 est
1258 1259 1419 1306 excelso
1440 1271 1480 1306 et
1494 1260 1737 1325 profundoz

358 1332 433 1378 sed
453 1349 554 1378 cum
579 1332 623 1377 in
647 1332 808 1377 excelso
831 1331 1010 1388 dicitur,
1054 1331 1334 1376 sublimitatis
1358 1331 1592 1377 eminentia
1617 1348 1740 1377 com-

361 1402 614 1456 mendatur3
642 1419 742 1447 cum
765 1411 907 1447 autem
930 1402 973 1446 in
1002 1401 1241 1464 profundo,
1265 1400 1496 1446 difficultas
1515 1401 1740 1461 investiga-

364 1473 490 1518 tionis
517 1484 558 1518 et
582 1472 852 1532 cognitionis,
884 1471 1008 1517 Unde
1029 1482 1070 1516 et
1088 1471 1198 1516 illud
1226 1472 1315 1516 Deo
1329 1470 1491 1516 dicitur
1514 1488 1524 1516 ε
1552 1492 1573 1512 α
1594 1471 1738 1528 Quam

363 1564 383 1584 »
409 1543 682 1603 magnificata
718 1553 816 1588 sunt
839 1559 971 1605 opera
996 1552 1086 1597 tua,
1119 1541 1325 1587 Domine!
1355 1541 1483 1586 nimis
1512 1540 1743 1604 profundae

361 1634 382 1654 υ
402 1613 632 1659 factaesunt
648 1614 928 1673 cogitationes
955 1612 1086 1659 tuae5.
1111 1634 1130 1654 ›>
1155 1613 1210 1657 Et
1234 1612 1390 1657 iterum
1413 1629 1422 1656 ε
1443 1632 1462 1652 α
1481 1611 1661 1657 Judicia
1673 1622 1747 1657 tua

365 1706 386 1726 x>
411 1684 527 1730 velut
550 1684 728 1746 abyssus
755 1683 928 1729 multass.
960 1705 979 1724 ›>
1006 1683 1120 1729 Hinc
1148 1683 1279 1743 igitur
1308 1693 1369 1728 est
1392 1683 1501 1728 illud
1524 1682 1740 1746 Apostoli,

364 1753 482 1818 quod
499 1753 807 1818 requirendum
828 1753 940 1798 inter
965 1763 1117 1799 caetera
1135 1753 1316 1816 posuisti
1338 1771 1385 1798 z«
1404 1753 1548 1812 Hujus
1568 1753 1628 1798 rei
1650 1770 1744 1813 gra·

370 1846 391 1866 »
411 1825 489 1879 tia,
518 1825 678 1887 inquit,
703 1824 831 1869 flecto
852 1840 993 1883 genua
1015 1841 1109 1869 mea
1135 1823 1191 1869 ad
1219 1824 1392 1868 Patrem
1413 1822 1591 1868 Domini
1612 1822 1745 1868 nostri

366 1917 386 1937 »
411 1896 512 1940 Jesn
538 1894 718 1949 Christi,
734 1911 780 1939 ex
800 1911 887 1957 quo
907 1895 1045 1940 omnis
1065 1894 1300 1957 paternitas
1318 1893 1360 1939 in
1376 1893 1498 1939 coelis
1515 1894 1612 1939 etin
1635 1903 1745 1939 terra

367 1987 386 2006 »
404 1965 684 2018 nominatum
714 1975 762 2010 ut
783 1965 993 2011 detvobis
1026 1964 1263 2010 secundum
1287 1963 1458 2010 divitias
1483 1963 1632 2024 gloriae
1656 1974 1744 2010 su'ae

367 2059 386 2078 ))
406 2036 563 2082 virtute
581 2035 857 2080 corroborari
885 2052 963 2098 per
986 2035 1200 2098 Spiritum
1226 2038 1334 2094 ejus,
1363 2035 1408 2080 in
1435 2034 1631 2080 interiori
1658 2033 1746 2079 ho-

362 2130 382 2150 »
406 2107 520 2152 mine
543 2106 745 2150 habitare
765 2105 990 2151 Christum
1015 2122 1092 2168 per
1112 2105 1243 2150 fidem
1267 2105 1312 2150 in
1338 2104 1548 2160 cordibus
1572 2104 1741 2160 vestris,

364 2199 384 2220 2>
403 2187 451 2222 ut·
478 2176 523 2222 in
559 2175 771 2220 charitate
790 2175 974 2221 radicati
992 2186 1032 2221 et
1058 2175 1231 2220 fundati
1254 2175 1525 2238 praevaleatis
1548 2191 1746 2238 compre-

366 2270 386 2290 »
409 2246 598 2293 hendere
625 2262 724 2291 cum
747 2246 950 2291 omnibns
975 2246 1132 2291 sanctis
1152 2283 1162 2301 ‚
1216 2263 1316 2309 quae
1341 2247 1395 2292 sit
1431 2244 1662 2305 longitudo
1705 2254 1746 2290 et

364 2340 386 2361 ³>
404 2316 609 2372 latitudo,
637 2316 822 2362 altitudo
853 2327 894 2362 et
913 2316 1185 2380 profundum
1211 2334 1220 2361 :
1265 2317 1374 2363 scire
1411 2316 1540 2362 etiam
1567 2332 1747 2380 supere-

367 2411 387 2432 »
412 2389 642 2434 minentem
664 2387 883 2433 scientiam
921 2388 1148 2433 charitatis
1175 2387 1359 2445 Christi,
1391 2397 1441 2433 ut
1477 2385 1747 2450 impleamini

367 2481 387 2502 >³
407 2459 453 2505 in
467 2475 637 2504 omnem
660 2457 980 2521 plenitudinem
999 2458 1078 2504 Dei
1095 2459 1128 2505 2.
1159 2480 1179 2500 n

414 2557 558 2601 ¹Epl1e5.
576 2572 626 2599 111,
646 2556 864 2597 17.-2Tit.
885 2572 933 2596 ιιι,
954 2559 982 2591 5,
999 2577 1038 2583 -
1057 2556 1070 2580 3
1085 2557 1198 2590 Jacob.
1224 2572 1246 2596 ι,
1270 2557 1323 2591 18.
1346 2575 1388 2583 ——-
1412 2554 1540 2590 ⁴Rom.
1570 2567 1617 2596 Χι,
1637 2558 1746 2590 330-

367 2613 381 2640 5
396 2614 476 2652 Psal.
494 2624 558 2653 xci,
574 2615 607 2647 6.
622 2631 663 2639 --
682 2610 696 2635 ⁶
713 2613 762 2648 Id.
779 2624 877 2653 xxxv,
892 2625 921 2654 7.
935 2633 974 2639 —
989 2613 1002 2636 ⁷
1019 2613 1138 2660 Ephes.
1153 2621 1205 2656 ¹11,
1222 2619 1274 2651 14.
