1799 3251
303 288 396 335 506
725 305 760 334 5.
804 302 1050 337 Aususrnw
1085 305 1289 339 EPISCOPI

305 379 448 415 tamen
467 385 553 415 esse
576 369 782 416 credebat
801 406 813 425 ‚
834 370 918 416 nisi
945 387 1027 433 pro
1048 369 1132 417 illis
1147 371 1275 418 etiam
1294 382 1435 420 oraret
1459 383 1510 421 ut
1530 369 1683 419 crede-

305 449 413 486 rent.
443 440 515 485 Ait
535 440 646 486 enim
673 458 683 485 :
712 462 731 481 «
753 441 921 486 Fratres
941 477 951 495 ‚
978 441 1094 486 bona
1116 440 1318 488 voluntas
1341 443 1516 506 quidem
1541 441 1685 491 cordis

306 532 328 553 »
349 511 457 567 mei,
479 521 520 557 et
540 511 789 574 deprecatio
806 511 861 557 ad
881 512 1020 556 Deum
1038 512 1088 557 fit
1110 529 1190 575 pro
1213 512 1297 560 illis
1321 513 1365 558 in
1388 513 1568 561 salutem
1586 513 1603 542 1
1624 531 1635 561 ς
1661 534 1683 557 n

306 591 347 626 et
369 591 473 626 tunc
498 580 693 641 adjunxit
720 580 795 626 illa
819 597 920 644 quae
944 580 1158 627 diximus:
1182 583 1536 631 «Testimonium
1560 582 1678 631 enim

307 673 326 692 >³
349 651 431 696 illis
448 651 660 714 perhibeo
681 653 785 714 quia
806 651 945 698 zelum
971 652 1053 698 Dei
1076 651 1241 698 habent
1261 688 1272 708 ‚
1300 653 1373 701 sed
1397 670 1486 700 non
1519 670 1687 701 secun·-

307 742 327 762 »
351 720 457 767 (111111
479 720 754 772 scientiam.
786 731 869 769 etc,
895 741 915 762 ›>
950 722 1136 769 Orelnus
1158 739 1258 783 ergo
1281 740 1362 786 pro
1392 722 1477 770 illis
1492 760 1505 781 ‚
1545 733 1690 771 sancte

307 794 457 840 frater.

372 867 579 913 XXXIX.
611 865 761 912 Cernis
785 866 952 929 quippe
982 866 1214 914 nobiscum
1241 884 1374 930 quam
1408 869 1524 917 malo
1549 885 1693 918 errore

309 947 551 983 teneantur.
592 937 803 996 Fragrant
836 937 949 982 enim
973 937 1182 999 Epistolae
1206 948 1295 983 tuae
1332 937 1466 985 odore
1491 939 1693 987 sinceris-

310 1007 418 1052 simo
444 1006 631 1061 Christi,
660 1007 737 1052 ubi
760 1007 1108 1065 germanissimus
1128 1008 1277 1066 gratiae
1294 1008 1432 1072 ipsius
1455 1009 1641 1059 dilector
1653 1020 1696 1057 et

311 1077 527 1122 confessor
549 1093 745 1140 appares,
773 1077 857 1122 Sed
874 1078 994 1139 quod
1012 1078 1090 1123 diu
1108 1088 1253 1124 tecum
1273 1096 1324 1124 ex
1343 1079 1430 1126 1130
1444 1097 1488 1126 re
1514 1080 1696 1144 loquen-

312 1146 417 1192 dum
453 1149 706 1209 putavimus
723 1183 733 1202 ,
769 1147 914 1209 primo
941 1147 1043 1210 quia
1065 1147 1433 1206 jucundissimum
1470 1160 1559 1204 est‚
1586 1149 1696 1198 feci*

312 1233 422 1263 mus.
452 1216 572 1274 (Quid
596 1212 711 1263 enim
732 1216 865 1262 debet
883 1217 1247 1276 essejucundius,
1267 1218 1335 1266 vel
1358 1220 1542 1268 infirmis
1560 1219 1698 1279 gratia

313 1305 399 1351 qua
421 1299 647 1344 sanantur,
665 1288 733 1334 vel
752 1288 886 1350 pigris
910 1289 1045 1348 gratia
1065 1305 1152 1352 qua
1177 1289 1439 1346 excitantur,
1457 1291 1530 1337 vel
1544 1290 1697 1339 velen„

316 1358 432 1404 tibus
457 1360 593 1418 gratia
617 1362 959 1422 quajuvantur?
982 1358 1148 1404 Deinde
1166 1396 1177 1414 ‚
1202 1369 1251 1404 111
1271 1359 1428 1422 siquid
1445 1371 1590 1408 nostra
1612 1360 1698 1409 dis·
1759 1357 1764 1362 ’

313 1429 540 1492 putatione
569 1431 659 1475 Deo
697 1428 932 1488 adJuvante
972 1444 1218 1491 pessimum,
1255 1439 1328 1475 tua
1362 1447 1450 1476 non
1486 1430 1594 1479 fides
1625 1429 1699 1477 sed

315 1500 417 1545 fidei
442 1510 593 1545 contra
618 1499 721 1545 tales
746 1498 1089 1545 adminiculetur
1113 1500 1285 1546 assertio
1301 1536 1312 1555 ‚
1337 1500 1450 1546 sicut
1486 1517 1564 1548 nos
1582 1517 1699 1564 quo·-

316 1588 399 1634 que
430 1571 475 1617 in
496 1570 612 1616 hanc
644 1569 897 1616 facultatem
928 1580 1016 1615 tuae
1047 1570 1345 1628 germanitatis
1380 1571 1533 1619 litteris
1569 1571 1700 1632 adju-

315 1661 482 1692 vamur.

380 1720 474 1763 XL.
517 1716 638 1773 Quid
674 1716 788 1762 enim
828 1715 1006 1762 uberius
1043 1727 1085 1761 et
1121 1716 1396 1765 veracissima
1433 1716 1699 1763 confessione

316 1788 511 1852 plenius,
550 1803 683 1849 quam
721 1785 832 1832 illud
871 1797 934 1831 est
965 1786 1011 1831 in
1034 1786 1226 1849 quadam
1265 1786 1461 1850 Epistola
1486 1797 1587 1843 tua,
1622 1787 1702 1832 ubi

317 1869 517 1904 naturam
544 1867 733 1902 nostram
761 1874 846 1902 non
874 1857 1076 1902 mansisse
1094 1893 1104 1908 ,
1133 1868 1183 1902 ut
1207 1857 1382 1905 condita
1407 1867 1495 1912 est,
1529 1856 1603 1902 sed
1631 1856 1701 1901 vi·-

320 1928 467 1974 tiatam
492 1944 578 1972 esse
603 1943 682 1989 per
701 1925 826 1972 illum
854 1926 1018 1986 generis
1042 1926 1226 1973 humani
1247 1937 1419 1989 patrem
1440 1964 1452 1983 ‚
1479 1926 1704 1972 humiliter

318 1997 553 2061 deplorasti
584 1997 734 2042 dicens
758 2014 768 2040 ε
800 1997 1004 2059 [Pauper
1031 2013 1109 2056 ego
1136 2007 1177 2042 et
1202 1997 1352 2043 dolens
1369 1996 1405 2051 ³,
1441 1998 1517 2059 qui
1556 1997 1704 2043 adhuc

319 2080 500 2114 terrenae
513 2067 712 2126 imaginis
723 2066 923 2129 squalore
943 2078 1171 2114 concretus
1190 2085 1302 2122 sum,
1321 2078 1361 2113 et
1379 2067 1478 2130 plus
1489 2067 1542 2113 de
1558 2068 1703 2130 primo

319 2155 453 2202 quam
473 2136 525 2182 de
546 2135 738 2181 secundo
764 2135 904 2181 Adam
928 2136 1067 2182 carnis
1091 2137 1286 2183 sensibus
1321 2147 1362 2183 et
1386 2139 1564 2183 terrenis
1590 2137 1700 2182 acti-

321 2210 402 2255 bus
427 2207 563 2253 refero
582 2243 592 2261 ,
620 2205 843 2268 quomodo
869 2206 950 2252 tibi
971 2206 1141 2253 audebo
1167 2224 1235 2254 me
1252 2207 1454 2270 pingere,
1487 2224 1588 2253 cum
1612 2223 1703 2253 coe·-

322 2279 437 2325 lestis
477 2278 677 2337 imaginis
718 2278 937 2323 inficiator
978 2278 1141 2341 prober
1178 2279 1460 2341 corruptione
1501 2280 1701 2325 terrena?

323 2350 553 2411 [trimque
585 2365 652 2393 me
686 2347 912 2394 concludit
945 2348 1108 2411 pudor.
1146 2349 1364 2395 Erubesce
1388 2349 1563 2411 pingere
1583 2347 1704 2412 quod

326 2436 419 2465 sum
440 2455 450 2474 ‚
472 2435 559 2463 non
577 2417 716 2463 audeo
745 2418 922 2480 pingere
942 2417 1063 2482 quod
1081 2435 1169 2464 non
1188 2435 1281 2464 sum
1304 2437 1315 2463 ε
1341 2418 1414 2464 odi
1432 2418 1552 2481 quod
1579 2435 1699 2472 sum3

325 2500 367 2535 et
396 2505 485 2534 non
509 2504 605 2533 sum
635 2487 756 2551 quod
780 2505 893 2534 amo.
927 2487 1013 2534 Sed
1048 2488 1156 2551 quid
1183 2489 1338 2535 misero
1363 2489 1474 2534 mihi
1510 2488 1706 2552 proderit

324 2559 464 2605 odisse
499 2558 801 2622 iniquitatem,
835 2569 876 2603 et
909 2576 1052 2605 amare
1091 2559 1322 2616 virtutem;
1349 2576 1451 2606 cum
1486 2559 1532 2606 id
1556 2559 1704 2623 potius

374 2642 381 2663 ¹
404 2645 497 2674 Rom.
515 2653 546 2684 x,
572 2653 599 2672 1.
621 2659 666 2665 --
685 2639 700 2663 ²
714 2641 796 2673 Ibid.
817 2653 847 2673 2.
868 2660 913 2666 -
929 2640 943 2665 3
958 2642 1109 2675 Paulinus
1126 2642 1161 2674 in
1175 2642 1271 2686 epist.
1288 2645 1318 2675 8.
1330 2642 1369 2674 ad
1386 2645 1551 2674 Sex-erum.
