1799 3251
539 269 751 301 EPISTOLA
779 270 879 307 text.
1368 271 1397 318 9

32 355 172 399 meum
191 338 305 399 fusas
325 335 515 400 quodam
537 335 680 382 modo.
709 337 905 392 Quarum
936 336 1188 382 solutionem
1211 335 1245 382 si
1270 334 1398 383 velim

33 407 276 469 disserendo
292 406 509 461 ordinare,
528 424 612 451 non
627 417 673 451 ut
688 408 890 468 carptim,
903 406 1014 451 sicut
1027 405 1264 469 propositae
1278 416 1394 460 sunt,

34 478 86 523 de
103 476 278 538 siugulis
292 475 512 530 disseram,
536 475 607 521 scd
627 492 713 521 uno
732 475 921 538 quodam
943 486 1087 520 tenore
1101 474 1306 520 sermonis
1329 491 1399 518 eas

33 547 142 608 inter
165 563 206 591 se
239 556 490 591 connectam
524 556 652 608 atque
677 556 915 599 contexam,
943 545 1118 591 difficile
1143 562 1252 608 opus
1271 542 1395 589 vide-

35 627 130 661 tur:
147 626 338 661 ettamen
353 626 462 678 puto
476 615 645 660 facilius
662 633 728 660 eas
742 615 862 660 solvi.
881 616 912 660 si
928 615 1015 660 hoc
1032 615 1182 661 fecero.
1207 614 1398 659 Invicem

32 687 198 749 quippe
232 685 521 745 adjuvabunt,
557 685 589 731 si
615 685 744 737 altera
766 685 974 748 pendebit
996 703 1043 730 ex
1074 684 1203 730 altera
1222 722 1232 740 ‚
1259 683 1397 728 donec

33 772 179 816 omnes
203 756 377 800 veniant
400 756 444 801 in
459 757 605 801 seriem
632 756 937 819 disputationis
962 773 1048 801 non
1069 755 1316 815 singillatim
1341 770 1400 798 se-

32 825 192 889 paratis
210 824 336 879 locis,
358 825 480 888 quasi
513 841 788 888 unaquaeque
815 825 859 870 in
879 842 953 870 sua
976 825 1144 888 privata
1162 822 1401 869 intentione

33 894 220 958 habitet,
249 894 320 939 sed
343 911 480 939 unum
524 894 685 957 aliquid
720 896 950 947 intuentes,
981 904 1023 940 et
1046 910 1184 939 unum
1213 891 1404 937 collabo-

33 976 172 1010 rantes
190 964 337 1026 sociali
353 965 537 1021 ratione,
563 965 841 1010 etindividua
867 966 1058 1012 veritate.

98 1037 155 1082 ΙΙ.
179 1034 362 1081 Voluisti
388 1053 486 1095 ergo
514 1047 554 1082 et
574 1037 755 1100 scripto,
783 1035 1088 1082 commonuisti
1107 1034 1263 1098 exponi
1278 1044 1406 1096 atque

36 1107 191 1170 aperiri
211 1107 293 1151 tibi
313 1125 324 1151 ι
347 1106 453 1170 quid
473 1107 556 1153 sibi
572 1108 676 1152 velit
690 1125 768 1152 vox
793 1107 862 1152 illa
883 1107 1079 1162 Domini,
1108 1105 1258 1161 «Deus
1274 1120 1404 1158 mem,

37 1198 57 1216 »
75 1177 190 1221 Deus
216 1193 351 1231 meus,
375 1188 421 1221 ut
441 1177 549 1239 quid
564 1195 631 1222 me
651 1177 914 1240 dereliquisti
933 1175 948 1205 1
963 1180 980 1221 ,³
997 1199 1015 1217 υ
1034 1175 1206 1239 thuid
1220 1175 1274 1219 sit
1291 1171 1410 1236 quod

38 1246 268 1309 Apostolus
287 1249 360 1303 ait,
380 1268 399 1287 r<
421 1248 477 1292 [t
492 1247 534 1296 in
552 1247 763 1293 charitate
781 1246 962 1293 radicati
976 1245 1216 1301 etfundati‚
1234 1260 1408 1306 praeva-

38 1316 189 1362 »leatis
213 1317 584 1380 comprehendere
604 1335 700 1362 cum
715 1318 919 1362 omnibus
938 1315 1112 1370 sanctis,
1131 1311 1408 1378 quaesitlati-

38 1408 58 1427 ›>
71 1385 194 1442 tudo,
217 1385 462 1445 longitudo,
490 1385 673 1432 altitudo
691 1397 730 1431 et
745 1385 1062 1449 profundu1n2.
1089 1407 1108 1426 >2
1134 1387 1188 1429 Et
1205 1400 1304 1447 quae
1325 1383 1408 1426 siut

38 1456 233 1516 virgines*
248 1457 441 1520 quinque
462 1457 629 1512 stultae,
661 1474 812 1520 quaeve
838 1457 1049 1519 sapientes
1069 1455 1102 1503 3.
1133 1457 1186 1500 Et
1203 1470 1303 1518 quae
1325 1453 1409 1496 siut

41 1527 228 1573 tenebrae
239 1527 504 1574 exteriores&
532 1530 586 1572 Et
609 1527 830 1590 quomodo
847 1526 1173 1587 intelligendum
1188 1525 1264 1571 sit:
1283 1523 1409 1567 «Ver-

41 1618 62 1638 »
83 1596 189 1641 bum
229 1613 328 1642 caro
350 1596 514 1643 factum
539 1598 648 1644 est5.
677 1621 696 1638 υ
733 1599 814 1643 Hae
837 1610 937 1643 sunt
962 1608 1073 1643 certe
1104 1597 1297 1660 quinque
1325 1605 1407 1638 tani

42 1667 229 1712 breviter
256 1685 277 1712 a
303 1685 370 1712 me
415 1679 782 1721 commemorate&
825 1686 955 1732 quam
987 1667 1064 1714 abs
1093 1679 1132 1712 te
1172 1665 1411 1729 propositae

43 1738 312 1802 qua'stiones.
337 1740 524 1786 Proinde
543 1742 575 1785 si
595 1741 752 1804 placet,
772 1739 982 1786 addamus
997 1748 1225 1794 etsextam,
1246 1747 1286 1782 et
1302 1735 1412 1781 illud

43 1808 315 1872 potissimum
340 1810 608 1873 requiramus
627 1847 637 1860 ,
686 1814 807 1869 Qua¹
825 1812 885 1854 sic
905 1814 1062 1872 gratia
1088 1812 1211 1853 Nom·
1247 1811 1412 1851 Τρεῖς(-

46 1884 201 1925 menti.
230 1879 355 1925 Hanc
387 1897 532 1925 omnes
555 1880 642 1926 illae
675 1881 942 1936 intueantur,
972 1879 1076 1925 etin
1098 1878 1231 1932 hanc,
1259 1887 1307 1922 ut
1327 1894 1410 1939 op-

46 1960 231 2013 portune
245 1966 429 2012 quaeque
444 1951 650 2013 potuerit,
676 1968 787 2014 opus
803 1967 928 1996 suum
947 1949 1140 1995 conferat
1159 1947 1303 1995 nobis.
1325 1964 1411 1992 non

47 2036 95 2065 eo
108 2018 448 2076 scilicetordine‚
471 2038 558 2083 quo
575 2038 643 2066 eas
661 2031 702 2065 et
719 2032 761 2066 tu
780 2020 1066 2084 proposuisti,
1087 2030 1128 2064 et
1142 2036 1220 2078 ego
1233 2019 1412 2073 recolui,

48 2088 119 2135 sed
146 2106 418 2153 unaquaeque
445 2108 543 2136 cum
580 2091 707 2137 fuerit
733 2092 984 2148 necessaria,
1007 2091 1126 2138 velut
1148 2101 1298 2136 vocata
1328 2107 1413 2134 res-

48 2160 255 2223 pondeat,
278 2171 320 2205 et
338 2160 526 2207 officium
561 2163 625 2207 sui
648 2163 789 2225 operis
820 2162 1011 2225 impleat.
1045 2163 1156 2222 Ergo
1181 2162 1239 2206 ita
1264 2177 1436 2212 nasca-,

52 2242 122 2287 tur
143 2230 379 2278 exordium.

118 2301 199 2347 lll.
227 2302 299 2346 Est
315 2302 518 2364 quaedam
540 2304 627 2349 vita
647 2303 834 2348 hominis
859 2303 1107 2349 carnalibus
1131 2302 1323 2348 sensibus
1342 2301 1420 2346 im-

52 2372 226 2435 plicata,
238 2373 404 2432 gaudiis
420 2373 667 2419 carnalibus
683 2373 845 2429 dedita,
862 2373 1076 2419 carnalem
1093 2373 1280 2433 fugitans
1291 2372 1424 2417 offen-

53 2444 233 2500 sionem,
258 2444 613 2509 voluptatemque
638 2456 901 2491 consectans.
938 2445 1081 2504 Hujus
1102 2444 1225 2506 vitaee
1239 2443 1423 2489 felicitas

104 2545 111 2566 ¹
135 2544 216 2576 Psai.
235 2555 302 2580 xxi,
327 2555 404 2574 2.-
419 2542 562 2587 2lzphcs.
584 2556 633 2577 in.
658 2557 759 2583 ¹7·—
778 2542 791 2566 3
809 2544 928 2577 Manli,
952 2555 1028 2585 ειν,
1045 2555 1077 2575 2.
1100 2562 1143 2568 -—
1165 2541 1246 2577 ⁴1d.
1267 2554 1348 2577 nn.
1370 2544 1422 2574 13.

57 2618 102 2623 -—
121 2598 134 2622 5
152 2602 290 2637 Joain1,
317 2607 365 2636 [4.
