1799 3251
305 275 333 319 5
347 290 358 318 ι
371 289 396 317 2
720 287 754 315 s.
800 283 1041 313 Auensrmi
1076 282 1281 312 Episcopi

305 369 466 398 nomen
489 350 687 415 positum
722 349 944 397 iuvenitur
972 348 1016 394 in
1049 348 1182 395 bono.
1222 346 1346 392 Unde
1377 345 1507 391 etiam
1540 343 1681 408 quaeri

306 422 430 478 solet,
448 423 483 467 si
499 421 670 466 nonnisi
694 419 889 483 poenalia
908 428 1022 463 recte
1046 417 1352 477 intelliguntur
1376 415 1681 477 inferna‚quo-

304 493 437 539 modo
471 492 658 538 animam
699 490 878 536 Domini
910 488 1076 534 Christi
1111 488 1183 552 pie
1223 487 1449 533 credamus
1486 484 1613 530 fuisse
1636 485 1679 530 in

302 562 487 609 inferno.
529 560 614 606 Sed
641 561 752 605 bene
790 557 1078 621 respondetur
1095 595 1106 613 ‚
1148 557 1246 603 ideo
1287 554 1557 602 descendisse
1577 591 1588 610 ‚
1632 564 1682 599 ut

305 633 467 695 quibus
508 631 705 693 oportuit
745 629 1009 674 subveniret.
1048 628 1174 674 Unde
1208 628 1362 673 beatus
1394 626 1547 671 Petrus
1581 640 1680 670 eum

303 703 444 749 dicit:
473 723 492 742 «
516 701 699 747 solvisse
729 700 898 746 dolores
928 698 1116 754 inferni,
1144 700 1190 744 in
1214 698 1377 761 quibus
1411 693 1681 759 impossibile

303 795 325 816 ›>
348 782 438 818 erat
463 771 597 816 teneri
619 770 761 816 euml.
782 792 800 811 ι)
825 771 962 814 Porro
982 769 1015 813 si
1036 779 1220 831 utraque
1242 768 1357 827 regio
1378 777 1420 812 et
1439 766 1679 811 dolentium

303 854 346 889 et
373 841 734 904 requiescentium
751 877 761 895 ‚
783 839 827 884 id
858 849 944 891 est,
969 849 1010 882 et
1029 838 1106 883 ubi
1128 838 1247 883 dives
1266 838 1338 883 ille
1365 837 1676 899 torquebatur,

305 924 348 958 et
371 912 450 957 ubi
473 927 642 973 pauper
678 909 750 954 ille
774 909 1009 954 laetabatur
1028 945 1038 964 ,
1074 908 1119 953 in
1155 907 1325 953 inferno
1356 924 1441 952 esse
1466 905 1681 951 credenda

302 994 386 1040 est,
412 981 509 1043 quis
528 980 685 1025 audeat
704 979 849 1025 dicere
876 979 1117 1024 Dominum
1136 979 1284 1024 Jesum
1311 977 1366 1023 ad
1392 976 1585 1040 poenales
1609 976 1680 1020 in-

302 1052 412 1098 ferni
435 1062 578 1114 partes
607 1050 769 1094 venisse
793 1049 1122 1096 tantummodo.
1158 1065 1237 1093 nec
1262 1048 1391 1093 fuisse
1427 1046 1545 1110 apud
1573 1063 1644 1092 eos
1666 1084 1677 1102 ,

303 1123 381 1187 qui
408 1122 451 1167 in
490 1120 683 1167 Abrahae
711 1120 807 1164 sinu
840 1121 1154 1182 requiescunt?
1186 1119 1273 1163 Ubi
1299 1119 1333 1163 si
1355 1117 1465 1172 fuit,
1501 1117 1592 1180 ipse
1620 1128 1681 1162 est

301 1190 606 1251 intelligendus
644 1188 874 1252 paradisus
894 1226 903 1243 ‚
937 1205 1068 1251 quem
1105 1188 1283 1233 latronis
1314 1188 1475 1232 animae
1510 1186 1584 1232 illo
1609 1187 1679 1233 die

304 1264 506 1324 diguatus
528 1271 589 1306 est
614 1259 826 1322 polliceri.
851 1259 962 1315 Quae
984 1259 1016 1303 si
1038 1259 1096 1303 ita
1123 1269 1248 1313 sunt,
1277 1256 1472 1317 generale
1490 1257 1681 1318 paradisi

305 1349 464 1380 nomen
480 1341 542 1375 est
562 1366 572 1385 ‚
603 1330 680 1374 ubi
703 1328 885 1373 feliciter
912 1329 1088 1374 vivitur.
1115 1328 1265 1390 Neque
1293 1327 1406 1372 enim
1430 1326 1532 1388 quia
1555 1344 1681 1389 para-

306 1404 425 1450 disus
443 1410 504 1446 est
524 1398 766 1462 appellatus
788 1398 864 1442 ubi
884 1397 1024 1443 Adam
1048 1397 1132 1443 fuit
1152 1408 1250 1442 ante
1268 1407 1500 1460 peccatum
1515 1433 1525 1452 ‚
1547 1414 1681 1459 prop-

304 1486 419 1520 terea
448 1470 679 1532 Scriptura
716 1468 944 1530 prohibita
984 1479 1046 1512 est
1082 1468 1212 1512 etiam
1251 1467 1489 1513 Ecclesiam
1524 1484 1680 1512 vocare

305 1542 558 1608 paradisum
583 1555 684 1584 cum
707 1538 852 1583 fructu
868 1554 1121 1600 pomorum.

367 1613 467 1658 Vll.
497 1610 670 1655 Salutio
690 1608 855 1654 altera.
883 1635 945 1641 κ-
963 1608 1038 1652 Est
1065 1618 1211 1652 autem
1232 1623 1377 1651 sensus
1400 1605 1539 1651 multo
1558 1623 1682 1670 expe-

305 1682 437 1730 ditior
454 1717 465 1736 ,
492 1690 533 1725 et
557 1679 611 1723 ab
644 1677 713 1722 his
741 1678 946 1722 omnibus
972 1677 1337 1737 ambiguitatibus
1360 1676 1472 1721 liber
1490 1714 1501 1732 ‚
1534 1677 1567 1722 si
1591 1695 1681 1723 non

305 1751 545 1801 secundum
570 1748 615 1794 id
653 1747 771 1810 quod
812 1749 944 1792 homo
977 1759 1092 1803 erat,
1127 1747 1200 1793 sed
1221 1747 1461 1792 secundum
1488 1747 1532 1792 id
1559 1748 1681 1811 quod

307 1826 423 1870 Deus
446 1831 536 1866 erat
561 1818 761 1863 Christus
793 1818 945 1863 dixisse
983 1818 1253 1880 accipiatur‚
1297 1838 1317 1857 «
1339 1817 1484 1862 Hodie
1508 1835 1680 1863 mecum

308 1917 328 1937 »
352 1894 431 1939 eris
455 1893 501 1936 in
524 1888 742 1952 paradiso.
766 1909 785 1929 >³
811 1889 956 1933 Homo
986 1890 1152 1951 quippe
1181 1887 1383 1933 Christus
1415 1887 1491 1933 illo
1518 1887 1588 1933 die
1612 1906 1680 1934 se-

305 1963 499 2012 cundum
529 1976 705 2006 carnem
730 1960 776 2004 in
799 1959 999 2022 sepulcro
1017 1996 1028 2015 ‚
1058 1958 1300 2004 secundum
1327 1958 1515 2003 animam
1539 1960 1585 2004 in
1611 1959 1679 2004 in-

302 2038 425 2084 ferno
449 2033 623 2078 futurus
637 2039 727 2073 erat
748 2046 758 2072 :
784 2032 901 2073 Deus
920 2045 1019 2073 vero
1045 2028 1159 2072 idem
1178 2029 1268 2090 ipse
1293 2027 1496 2072 Christus
1515 2028 1680 2091 ubique

303 2121 473 2167 semper
496 2111 571 2146 est.
619 2101 692 2143 Est
713 2100 827 2143 enim
858 2098 922 2143 lex
947 2115 1047 2161 quae
1074 2097 1191 2142 lucet
1223 2099 1350 2143 etiam
1377 2100 1422 2142 in
1456 2098 1645 2143 tenebris
1665 2135 1676 2154 ‚

305 2173 503 2240 quamvis
534 2187 624 2216 eam
650 2169 843 2214 tenebrae
867 2185 953 2213 non
983 2167 1408 2230 comprehe11dant2.
1441 2169 1517 2213 Est
1542 2169 1680 2213 virtus

304 2258 345 2293 et
374 2241 583 2307 sapientia
614 2239 692 2283 Dei
713 2275 723 2294 ,
759 2238 812 2283 de
839 2255 925 2301 qua
949 2237 1161 2300 scripturn
1180 2248 1241 2282 est
1262 2274 1272 2292 ‚
1296 2258 1315 2277 α
1337 2236 1470 2292 Quod
1496 2238 1679 2298 attingat

307 2340 327 2359 »
347 2335 368 2362 a
388 2317 472 2361 fine
495 2326 630 2373 usque
647 2308 700 2354 ad
724 2309 854 2353 finem
883 2307 1077 2363 sortiter,
1109 2318 1150 2352 et
1175 2307 1379 2370 disponat
1402 2307 1548 2352 omnia
1575 2325 1678 2353 sua-

307 2410 325 2430 „
350 2383 514 2436 vj13133
537 2403 557 2422 »
591 2390 631 2425 et
651 2417 661 2434 ,
700 2401 720 2419 α
743 2379 939 2438 Attingat
979 2378 1143 2441 ubique
1183 2389 1365 2441 propter
1391 2395 1511 2423 suam
1543 2395 1678 2424 mun-

304 2481 324 2501 »
348 2457 501 2503 ditiam
522 2489 533 2508 ‚
560 2461 601 2496 et
624 2449 737 2494 nihil
771 2449 1046 2512 inquinatum
1073 2449 1117 2492 in
1144 2465 1238 2493 eam
1272 2448 1510 2494 incurrat&
1527 2470 1543 2489 n
1562 2449 1677 2494 Ubi-

349 2567 359 2588 1
377 2567 451 2596 Act.
477 2570 512 2604 u,
532 2564 586 2595 24-
602 2555 782 2589 —2Joan.
801 2568 831 2602 1,
853 2559 882 2591 5.
901 2575 948 2581 —-
965 2554 979 2579 3
997 2560 1068 2600 Sap.
1087 2564 1155 2594 xm,
1179 2567 1207 2588 1.
1225 2574 1270 2579 —
1288 2554 1301 2578 ⁴
1322 2556 1369 2588 Id.
1388 2565 1444 2595 vti,
1463 2563 1517 2593 24·
