1799 3251
529 319 740 351 EPISTOLA
777 320 962 351 crxxxv.
1355 309 1445 372 457

73 384 302 430 colendum
331 384 528 430 doctrina
558 385 754 430 homines
789 384 919 440 duci,
946 403 1078 450 quam
1120 403 1268 450 poenae
1302 390 1454 437 timore

73 453 139 498 vel
161 453 308 499 dolore
327 454 545 516 compelli.
577 454 657 499 Sed
679 471 765 499 non
785 455 885 518 quia
901 456 968 500 isti
992 455 1188 502 meliores
1208 469 1309 503 sunt
1325 496 1334 514 ,
1356 459 1454 506 ideo

73 522 136 568 illi
161 524 236 586 qui
260 523 364 568 tales
382 541 469 569 non
486 535 585 570 sunt
604 561 613 579 ‚
641 524 885 584 negligendi
908 536 1023 573 sunt.
1051 527 1203 572 Multis
1218 529 1330 573 enim
1352 546 1451 592 pro-

72 592 156 638 fuit
183 593 325 657 (quod
350 595 649 656 experimentis
668 595 952 657 probavimus
975 606 1016 640 et
1037 597 1276 658 probamus
1294 598 1310 660 >
1329 600 1450 661 prius

75 663 228 708 timore
243 664 309 708 vel
329 664 476 709 dolore
498 665 617 724 cogi,
642 675 689 709 ut
704 675 851 727 postea
867 676 1039 728 possent
1058 666 1204 712 doceri
1220 705 1229 724 ,
1244 679 1318 713 aut
1332 669 1452 730 quod

70 736 158 791 jam
194 733 336 778 verbis
363 734 631 788 didicerant,
663 751 792 797 opere
823 735 990 780 sectari.
1038 736 1301 798 Proponunt
1324 739 1452 784 nobis

72 802 252 865 quidam
293 805 544 849 sententiam
585 804 811 864 cujusdam
857 804 1075 850 saecularis
1118 807 1331 860 auctoris3
1377 807 1454 871 qui

74 872 211 917 dixit:
236 874 440 919 «Pudore
465 885 505 919 et
531 875 789 920 liberalitate
804 875 961 920 liberos
982 875 1187 931 retinere,
1212 876 1342 922 satius
1369 893 1455 922 esse

74 962 96 983 >2
120 942 275 989 credo.
320 961 452 1006 quam
481 943 635 989 metu'1
644 981 652 990 .
681 965 701 984 »
727 945 822 989 Hoc
865 944 1040 1007 quidem
1074 961 1224 990 rerum
1252 956 1344 1001 est,
1383 945 1457 991 sed

73 1011 185 1056 sicut
211 995 405 1058 meliores
440 1024 540 1058 sunt
567 1029 673 1076 quos
709 1012 858 1073 dirigit
897 1030 1034 1069 amor,
1070 1014 1127 1058 ita
1160 1014 1315 1091 plures
1356 1025 1458 1060 sunt

74 1097 182 1144 quos
203 1082 378 1141 corrigit
405 1083 548 1128 timor.
580 1083 689 1128 Nam
711 1094 757 1128 ut
774 1083 855 1128 de
846 1101 966 1146 ipso
957 1094 1132 1128 auctore
1159 1084 1246 1129 istis
1276 1102 1337 1129 res
1322 1101 1458 1147 pon-

74 1150 246 1206 demur,
268 1152 387 1214 apud
408 1152 530 1198 illum
546 1153 672 1198 etiam
699 1153 878 1212 leo-:unt
902 1155 1007 1198 «Tu
1029 1154 1090 1198 nis
1096 1171 1106 1198 1
1127 1154 1239 1199 malo
1258 1165 1452 1211 coactus,

74 1230 188 1265 recte
227 1220 367 1266 facere
392 1223 542 1268 nescis,
568 1243 587 1263 ι)
616 1225 752 1268 Porro
786 1233 929 1268 autem
955 1223 1184 1286 Scriptura
1213 1223 1387 1278 divina,
1415 1234 1457 1271 et

74 1301 253 1353 propter
272 1290 366 1336 illos
383 1292 575 1338 meliores
599 1292 707 1338 dixit
730 1310 740 1336 ι
764 1315 783 1333 <‹
806 1294 956 1338 Timor
972 1311 1059 1339 non
1081 1294 1199 1338 estin
1221 1295 1452 1350 charitate,

77 1382 98 1402 »
121 1361 192 1406 sed
218 1362 406 1423 perfecta
429 1363 620 1409 charitas
640 1363 752 1409 foras
780 1364 912 1409 mittit
937 1364 1161 1410 timorem²
1187 1381 1197 1408 ε
1217 1386 1235 1405 n
1262 1375 1303 1410 et
1324 1382 1458 1429 prop·

80 1441 141 1476 ter
156 1431 236 1475 hos
255 1431 476 1478 inferiores
491 1469 500 1484 ,
519 1434 596 1495 qui
613 1433 757 1496 plures
775 1444 892 1487 sunt,
914 1434 997 1479 ait:
1016 1435 1202 1480 «Verbis
1214 1452 1301 1480 non
1313 1452 1456 1480 emen-

78 1522 99 1543 »
123 1501 302 1547 dabitur
324 1519 470 1548 servus
497 1503 656 1559 durus;
679 1504 712 1548 si
735 1505 850 1549 enim
877 1513 918 1549 et
934 1504 1188 1550 intellexerit
1204 1542 1214 1561 ‚
1241 1522 1328 1549 non
1348 1505 1457 1550 ohe-

79 1592 100 1612 »
125 1570 253 1617 diet3.
277 1576 427 1618 »Cum
449 1572 580 1623 dixit,
608 1574 751 1619 verbis
772 1591 869 1619 eum
886 1592 971 1620 non
987 1575 1204 1620 emendari
1222 1612 1232 1630 ‚
1250 1591 1338 1620 non
1356 1592 1454 1620 eum

73 1643 199 1702 jussit
221 1641 380 1698 deseri,
408 1643 481 1688 sed
503 1644 630 1689 tacite
652 1644 878 1690 admonuit
904 1644 1017 1690 unde
1041 1644 1196 1690 debeat
1214 1644 1448 1691 emendari.

81 1711 284 1775 Alioquin
308 1729 393 1758 non
418 1712 580 1758 diceret
607 1731 616 1757 :
646 1734 666 1754 «
687 1714 839 1759 Verbis
864 1731 951 1759 non
980 1714 1312 1769 emendabitur3
1335 1736 1356 1755 »
1380 1714 1454 1760 sed

82 1783 383 1828 tantummodo
399 1783 584 1839 diceret,
610 1801 695 1829 non
713 1785 1029 1830 emendabitur.
1061 1785 1154 1830 Alio
1174 1785 1339 1848 quippe
1357 1784 1454 1830 loco

81 1852 212 1907 dicit,
242 1870 328 1898 non
352 1853 491 1899 solum
523 1871 690 1900 servum
706 1892 715 1910 ‚
744 1855 815 1900 sed
837 1855 963 1900 etiam
987 1855 1124 1899 filium
1149 1855 1455 1918 indisciplina-

82 1934 171 1968 tum
189 1923 326 1985 plagis
342 1941 427 1969 esse
450 1924 762 1980 coercendum,
781 1936 820 1970 et
846 1942 1003 1984 magno
1029 1925 1188 1970 fructu.
1221 1926 1331 1970 Nam
1351 1926 1456 1971 «Tu

82 2015 102 2036 J)
129 1993 302 2056 quidem
318 2031 328 2048 ‚
348 1994 490 2057 inquit
507 2031 516 2049 ‚
542 1995 733 2057 percutis
752 2012 848 2040 eum
871 1995 989 2055 virga
1005 2032 1015 2050 ,
1041 1995 1227 2040 animam
1247 2011 1346 2039 vero
1365 1997 1456 2054 ejus

83 2085 105 2105 υ
129 2063 334 2108 liberabis
357 2081 379 2108 a
404 2074 541 2109 morte
555 2064 587 2111 4.
609 2086 630 2106 »
660 2066 716 2110 Et
745 2064 848 2109 alibi
875 2064 981 2109 dicit
1007 2082 1016 2108 :
1045 2086 1063 2105 α
1084 2065 1171 2120 Qui
1203 2064 1346 2126 parcit
1368 2064 1454 2109 ba-

84 2155 104 2173 »
128 2132 251 2186 culo,
279 2133 373 2178 odit
396 2134 534 2179 filium
556 2151 682 2180 suum
700 2133 732 2180 5.
756 2156 775 2175 >2
801 2136 866 2179 Da
893 2135 1008 2179 enim
1035 2135 1111 2197 qui
1135 2144 1251 2180 recta
1269 2133 1354 2178 fide
1377 2150 1456 2179 ve-

85 2218 218 2265 roque
243 2202 460 2248 intellectu
478 2240 488 2259 ,
513 2204 612 2248 totis
635 2206 791 2249 animae
815 2220 903 2249 suae
921 2204 1087 2249 viribus
1105 2203 1223 2248 dicat
1242 2221 1251 2247 :
1274 2224 1292 2243 «
1313 2203 1460 2249 Sitivit

87 2295 106 2314 »
131 2273 273 2318 anima
292 2290 385 2318 mea
409 2273 462 2318 ad
487 2275 627 2320 Deum
651 2275 799 2321 vivum
816 2311 827 2330 ,
853 2275 1028 2338 quando
1049 2274 1217 2319 veniam
1234 2311 1245 2329 ,
1266 2284 1307 2319 et
1326 2290 1460 2337 appa-

87 2364 107 2386 »
133 2344 236 2389 rebo
258 2354 354 2390 ante
375 2343 530 2390 faciem
548 2345 629 2391 Dei
644 2347 661 2374 6
683 2363 692 2390 :
722 2367 741 2386 2>
763 2355 805 2391 et
829 2345 935 2391 huic
959 2345 1058 2400 tali,
1082 2362 1168 2390 non
1195 2344 1333 2390 solum
1353 2355 1459 2390 tem-

85 2414 305 2477 poralium
340 2431 571 2478 poenarum
587 2452 599 2472 ,
638 2415 706 2461 vel
733 2415 1026 2478 imperialium
1064 2414 1233 2474 legum,
1275 2414 1347 2460 sed
1384 2431 1463 2460 nec

88 2484 380 2543 gehennarum
408 2485 538 2531 timor
561 2495 624 2532 est
646 2486 928 2542 necessarius,
956 2485 1026 2531 cui
1062 2495 1148 2530 tam
1177 2484 1462 2530 desiderabile

135 2585 145 2607 ¹
166 2588 297 2620 Terent.
326 2587 358 2618 in
388 2586 525 2630 Adelph.
550 2590 642 2620 Seen.
675 2600 702 2622 1.
736 2590 804 2621 Act.
828 2600 856 2620 1.
872 2586 948 2612 ——2
969 2599 982 2618 1
1004 2590 1098 2619 Joan.
1122 2597 1164 2623 iv,
1188 2589 1238 2619 18.
1263 2605 1303 2610 —
1322 2583 1336 2608 3
1358 2588 1451 2622 Prov.

88 2653 180 2685 xxix,
206 2654 255 2683 19.
272 2661 315 2667 —
334 2640 349 2665 4
365 2642 412 2675 Id.
436 2653 528 2682 nm,
549 2650 600 2681 14.
621 2663 661 2669 —
680 2642 693 2666 ⁵
713 2643 847 2684 Id.‘xm,
869 2650 919 2682 14.
936 2661 982 2668 --
997 2641 1012 2666 6
1029 2643 1111 2676 Psal.
1126 2653 1191 2682 xm,
1214 2644 1245 2676 3.
