1799 3251
488 358 700 390 EPISTOLA
735 359 918 390 cixxxv.
1315 350 1402 407 451

40 441 188 470 eorum
217 441 403 488 quorum
423 427 514 484 jam
539 425 582 470 in
604 425 768 470 unitate
803 426 968 472 Christi
988 464 998 482 ‚
1035 428 1158 491 pium
1185 428 1285 475 fidei
1319 430 1409 476 fer-

42 511 188 540 vorem
214 495 558 557 charitatemque
576 494 789 540 miramur
807 531 818 552 ‚
851 513 948 541 cum
972 515 1124 557 magna
1142 498 1294 544 laetitia
1320 501 1412 545 Deo

43 566 198 624 gratias
218 576 373 626 agunt,
396 565 514 629 quod
540 565 612 611 illo
636 582 777 610 errore
801 578 1034 612 caruerunt
1055 605 1064 621 ‚
1099 568 1176 614 ubi
1201 569 1311 615 mala
1334 571 1413 615 ista

44 637 160 681 bona
184 647 476 699 putaverunt:
505 653 610 699 quas
643 636 798 695 gratias
833 636 964 681 modo
996 637 1186 684 volentes
1210 656 1298 685 non
1319 658 1413 700 age-

46 716 169 760 rent,
201 707 279 751 nisi
313 709 430 769 prius
465 707 592 751 etiam
618 705 808 750 nolentes
833 706 887 750 ab
920 705 992 751 illa
1018 707 1178 752 nefaria
1213 708 1415 754 societate

48 775 328 823 discederent,
359 776 476 833 Quid
508 777 561 822 de
592 775 674 821 illis
711 775 907 821 dicamus
926 813 936 832 ‚
975 776 1050 839 qui
1075 777 1203 822 nobis
1221 779 1418 841 quotidie

51 847 314 892 confitentur
333 884 341 901 ‚
363 847 481 910 quod
498 851 588 907 jam
616 846 719 892 olim
741 846 946 892 volebant
969 863 1054 892 esse
1081 847 1288 894 catholici
1310 870 1320 905 ;
1347 844 1420 895 s'ed

52 917 163 963 inter
184 934 254 963 eos
275 918 563 973 habitabant,
600 918 711 963 inter
744 934 854 980 quos
886 917 930 963 id
956 917 1077 981 quod
1105 918 1313 965 volebant
1336 937 1423 967 esse

54 1004 139 1032 non
156 998 354 1050 poterant
378 1005 457 1050 per
482 988 779 1033 infirmitatem
800 989 992 1044 timoris,
1016 988 1094 1034 ubi
1114 989 1147 1034 si
1173 1005 1308 1036 unum
1334 1008 1427 1037 ver-

56 1057 162 1102 bum
194 1074 274 1120 pro
304 1057 533 1103 Catholica
566 1057 788 1113 (licerent,
824 1068 864 1103 et
895 1059 980 1121 ipsi
1015 1068 1057 1103 et
1091 1058 1249 1105 domus
1281 1077 1429 1106 eorum

56 1126 254 1173 funditus
273 1131 599 1174 everterentur?
630 1128 738 1184 Quis
763 1138 823 1172 est
861 1138 945 1173 tam
973 1127 1147 1175 demens
1164 1165 1175 1185 ,
1201 1130 1277 1193 qui
1304 1142 1430 1191 neget

60 1199 151 1243 istis
172 1198 370 1244 debuisse
395 1216 472 1262 per
490 1203 609 1258 jussa
634 1198 874 1261 imperialia
898 1198 1144 1254 subveniri,
1170 1210 1217 1245 ut
1238 1200 1291 1246 de
1313 1211 1432 1247 tanto

62 1279 312 1314 eruerentur
337 1268 451 1313 malo
471 1305 481 1322 ‚
514 1268 618 1313 dum
645 1268 709 1313 illi
736 1285 844 1331 quos
863 1268 1076 1314 timebant
1099 1269 1246 1315 timere
1270 1288 1434 1331 cogun-

64 1349 158 1393 tur,
188 1349 230 1384 et
266 1338 417 1384 eodem
450 1340 604 1384 timore
637 1350 712 1384 aut
743 1341 870 1384 etiam
895 1340 977 1402 ipsi
1013 1340 1324 1399 corriguntur,
1362 1353 1436 1388 aut

65 1420 290 1455 certecum
316 1427 358 1454 se
380 1419 595 1454 correctos
614 1425 700 1454 esse
720 1409 992 1469 confingunt,
1011 1409 1213 1455 correctis
1226 1423 1434 1474 parcunt,

69 1497 92 1524 a
116 1480 277 1542 quibus
302 1490 424 1524 antea
444 1479 746 1525 timebantur?

133 1550 250 1597 xlv.
284 1549 328 1595 Si
353 1560 494 1595 autem
519 1567 560 1595 se
586 1550 700 1612 ipsos
721 1548 919 1595 occidere
938 1548 1182 1606 voluerint,
1206 1568 1260 1598 ne
1276 1551 1340 1597 illi
1366 1551 1444 1617 qui

69 1620 286 1667 liberandi
307 1631 407 1666 sunt
430 1620 685 1675 liberentur,
712 1630 753 1665 et
773 1636 822 1665 eo
841 1619 972 1665 modo
992 1619 1268 1667 liberantium
1284 1632 1440 1669 terrere

70 1692 275 1756 pietatem
295 1729 306 1747 ‚
336 1702 385 1736 ut
412 1690 518 1736 dum
560 1690 737 1736 timetur
764 1707 818 1735 ne
841 1690 1022 1753 quidam
1050 1690 1209 1753 perditi
1233 1703 1436 1755 pereant.

72 1780 159 1809 non
191 1773 397 1808 eruantur
421 1761 688 1826 perditioni,
720 1762 796 1825 qui
827 1761 894 1807 vel
915 1765 1006 1821 jam
1038 1761 1246 1809 nolebant
1268 1763 1408 1827 perire
1428 1802 1437 1818 ,

74 1833 140 1878 vel
173 1834 353 1879 coerciti
375 1842 574 1895 poterant
601 1849 689 1877 non
723 1832 864 1895 perire
881 1869 891 1886 ‚
919 1831 1027 1895 quid
1053 1832 1127 1878 hic
1149 1833 1235 1893 agit
1252 1834 1444 1881 charitas

73 1903 332 1958 christiana,
362 1905 599 1966 praesertim
624 1918 724 1948 cum
747 1902 835 1956 illi,
863 1902 940 1966 qui
974 1919 1070 1948 suas
1097 1914 1255 1949 mortes
1277 1903 1440 1951 volun-

77 1974 202 2019 tarias
226 1984 268 2019 et
291 1973 470 2019 furiosas
495 1974 736 2025 minantur,
759 1973 802 2017 in
828 1969 1095 2035 populorum
1115 1972 1446 2020 liberandorum

76 2044 402 2106 comparatione
423 2042 633 2106 perpauci
657 2043 774 2087 sint?
795 2041 915 2097 Quid
935 2043 1021 2101 agit
1043 2059 1142 2102 ergo
1166 2043 1354 2090 fraterna
1373 2044 1446 2090 di-

76 2113 202 2160 lectio
221 2135 232 2167 ;
254 2125 398 2159 utrum
420 2114 526 2159 dum
554 2113 704 2176 paucis
723 2112 990 2158 transitorios
1014 2114 1130 2172 ignes
1150 2114 1448 2161 metuitcami-

77 2202 255 2239 norum,
288 2185 469 2230 dimittit
492 2201 639 2230 omnes
662 2184 832 2229 aeternis
855 2183 1028 2243 ignibus
1049 2183 1342 2244 gehennarum
1370 2204 1380 2232 :
1407 2197 1448 2233 et

80 2266 166 2300 tam
192 2255 351 2300 multos
376 2255 441 2300 vel
456 2258 548 2314 jam
568 2253 758 2299 volentes
775 2291 785 2309 ‚
812 2253 878 2299 vel
900 2264 1045 2316 postea
1063 2271 1150 2299 non
1167 2254 1352 2301 valentes
1372 2274 1451 2320 per

79 2325 341 2371 catholicam
368 2342 519 2389 pacem
541 2324 595 2370 ad
618 2325 750 2369 vitam
775 2323 920 2369 venire
938 2334 1194 2386 perpetuam
1212 2362 1221 2379 ‚
1246 2325 1450 2390 relinquit

79 2398 123 2443 in
148 2396 370 2442 interitum
391 2395 700 2458 sempiternum
719 2432 728 2449 ‚
750 2393 945 2440 cavendo
966 2411 1019 2439 ne
1042 2394 1222 2457 quidam
1242 2396 1450 2443 volunta-

81 2468 144 2513 rio
172 2469 413 2512 moriantur
432 2465 607 2511 interitu
624 2503 634 2521 ‚
663 2465 739 2528 qui
759 2465 913 2511 vivunt
935 2464 988 2509 ad
1003 2465 1364 2527 impedimentum
1380 2486 1452 2514 sa-

81 2538 183 2584 lutis
214 2537 425 2591 aliorum,
465 2554 572 2600 quos
604 2554 687 2581 non
726 2537 984 2599 permittunt
1012 2535 1250 2590 secundum
1287 2537 1452 2587 Christi

83 2608 326 2655 doctrinam
353 2608 518 2662 vivere,
549 2617 598 2652 ut
634 2623 703 2652 eos
731 2606 917 2651 doceant
945 2621 1224 2668 quocumque
1261 2617 1456 2671 tempore

85 2678 323 2725 secundum
362 2676 720 2723 consuetudinem
752 2675 964 2722 doctrinae
1000 2674 1232 2721 diabolicae
1270 2676 1323 2722 ad
1360 2696 1456 2738 eas,

1253 2763 1327 2810 29.
