1799 3251
311 236 401 291 430
716 248 749 277 S.
794 245 1035 276 Aucus'rim
1074 244 1273 276 Episcopi

310 411 487 426 Mswxuvvv
505 408 719 425 wswmvwvve
737 404 1602 423 ἎΜΜΧἏΜΜΜυνννννῑΛΝἉΊΑΝιΜὶῑῖΜᾺῒὶἏὶἋὶΜ
1618 408 1688 425 ΛΜ

697 524 963 568 EPISTOLA
997 523 1255 567 CLXXXVI
1272 524 1283 546 ¹
1295 555 1304 566 .

311 663 482 701 Domino
498 660 719 699 beatissimo
739 667 778 697 et
795 658 834 695 in
853 657 997 697 Christi
1018 656 1234 695 visceribus
1251 658 1494 708 germanitus
1509 658 1686 711 amplec-

363 723 484 762 tendo
497 752 506 769 ‚
529 721 741 773 plusquam
760 719 834 758 dici
854 728 982 770 potest
1001 717 1251 757 desiderabili
1271 718 1384 757 fratri
1403 728 1442 758 et
1459 723 1688 772 coepiscopo

364 784 541 824 PAumNo
562 785 641 831 (23)
656 814 664 826 ,
687 783 848 819 Amans
867 790 906 819 et
926 781 1182 819 Aucusnxns.

313 914 502 973 Alypius
518 921 557 953 ει
583 910 862 967 Augustinus
888 909 1079 950 Paulino
1104 909 1323 964 episcopo,
1349 908 1495 964 ipsum
1513 910 1688 967 plenius

526 978 800 1019 instituentes
826 977 1034 1018 adversus
1057 975 1232 1033 Pelagii
1254 976 1468 1017 fecer-esim.

377 1131 414 1177 Ι,
443 1129 640 1174 TANDEM
665 1124 902 1188 aliquando
925 1123 1124 1188 providit
1146 1125 1262 1170 Deus
1287 1125 1413 1170 nobis
1443 1124 1688 1173 litterarum

313 1199 609 1249 fidelissimum
634 1195 894 1259 perlatorem
917 1194 1114 1240 omnium
1135 1204 1333 1239 nostrum
1357 1195 1508 1240 merito
1523 1195 1688 1242 charis-

315 1273 475 1319 simum
499 1267 677 1313 fratrem
698 1265 951 1311 Januarium
972 1301 983 1321 ‚
1011 1281 1090 1328 per
1111 1281 1241 1327 quem
1269 1263 1435 1309 etiamsi
1465 1281 1551 1309 non
1576 1266 1688 1311 scri-

310 1344 510 1390 beremus
528 1375 538 1395 ,
565 1338 710 1383 omnia
734 1354 834 1400 quae
853 1337 969 1382 circa
989 1353 1066 1381 nos
1090 1346 1191 1380 sunt
1213 1335 1347 1398 possit
1371 1335 1592 1381 sinceritas
1613 1347 1687 1381 tua

313 1425 521 1475 tanquam
572 1425 650 1471 per
686 1408 902 1453 viventem
942 1417 1070 1469 atque
1104 1405 1416 1465 intelligentem
1460 1405 1687 1468 epistolam

311 1498 502 1529 noscere.
532 1478 783 1538 Pelagium,
825 1493 955 1541 quem
980 1477 1221 1531 credimus,
1249 1486 1297 1520 ut
1331 1475 1387 1520 ab
1420 1475 1494 1520 illo
1526 1476 1686 1522 distin-

312 1562 515 1614 gueretur
540 1548 617 1612 qui
661 1547 858 1607 Pelagius
888 1546 1067 1592 Tarenti
1091 1546 1254 1592 dicitur
1271 1583 1282 1601 ,
1317 1546 1537 1591 Britonem
1561 1547 1688 1593 fuisse

313 1619 669 1682 cognominatum
706 1617 822 1680 (24),
845 1616 965 1680 quod
991 1627 1037 1662 ut
1058 1633 1227 1661 servum
1256 1616 1335 1660 Dei
1359 1615 1553 1661 dilexeris
1571 1654 1581 1673 ,
1603 1634 1687 1662 no-

309 1692 484 1738 vimus:
507 1704 626 1734 nunc
646 1698 789 1732 autem
814 1686 1186 1750 quemadmodum
1213 1684 1382 1745 diligas,
1415 1686 1679 1745 ignoramuS.

309 1763 423 1808 Nam
438 1769 480 1805 et
506 1774 581 1802 nos
606 1773 695 1801 non
717 1756 856 1801 solum
879 1755 1106 1802 dileximus
1124 1793 1135 1812 ‚
1165 1756 1446 1802 verumetiam
1466 1755 1686 1817 diligimus

310 1848 426 1878 eum.
477 1826 562 1872 Sed
589 1825 710 1872 aliter
742 1843 861 1872 nunc
887 1826 1139 1886 diligimus,
1179 1824 1302 1870 aliter
1338 1825 1574 1888 aliquando
1614 1826 1686 1872 di-

309 1902 519 1947 leximus:
556 1908 664 1941 tunc
695 1896 808 1942 enim
848 1897 951 1958 quia
975 1896 1102 1941 nobis
1136 1905 1251 1941 recte
1289 1894 1388 1940 fidei
1416 1894 1683 1949 videbatur3

310 1987 428 2018 nunc
443 1979 587 2014 autem
610 1976 658 2010 ut
676 1966 734 2010 ab
755 1966 805 2011 iis
827 2002 838 2022 ,
863 1982 963 2028 quae
986 1966 1162 2011 inimica
1181 1976 1222 2010 et
1243 1964 1419 2010 adversa
1437 1966 1586 2024 gratiae
1603 1966 1686 2011 Dei

310 2041 464 2088 sentire
491 2037 681 2089 dieitur,
714 2035 828 2080 illius
857 2035 1155 2080 misericordia
1179 2034 1401 2080 liberetur.
1442 2036 1554 2080 Nam
1582 2052 1684 2080 cum

311 2112 398 2156 hoe
421 2109 475 2154 de
510 2106 586 2152 illo
620 2104 873 2168 aliquandiu
893 2104 1008 2150 fama
1027 2109 1239 2165 jactaret,
1269 2121 1356 2149 non
1389 2104 1538 2168 utique
1559 2105 1684 2151 facile

311 2177 579 2227 credendum
598 2174 1005 2237 fuit;soletquippe
1023 2174 1138 2220 fama
1155 2174 1327 2219 mentiri
1359 2192 1369 2219 :
1405 2175 1474 2220 sed
1501 2176 1684 2239 propius

310 2262 360 2297 ut
385 2248 656 2296 crederemus
673 2244 849 2290 accessit
867 2281 877 2301 ‚
904 2243 1023 2307 quod
1047 2244 1210 2290 librum
1230 2244 1467 2308 quemdam
1487 2250 1578 2305 ejus
1596 2283 1608 2302 ,
1634 2263 1684 2292 ea

310 2335 489 2386 prorsus
524 2314 784 2381 persuadere
827 2314 1098 2371 molientem,
1139 2331 1240 2378 quae
1273 2316 1454 2375 gratiam
1494 2317 1574 2362 Dei
1606 2334 1684 2380 per

308 2408 448 2439 unum
485 2386 767 2434 mediatorem
805 2385 885 2431 Dei
925 2395 967 2430 et
1008 2384 1239 2431 hominum
1276 2386 1498 2433 hominem
1535 2391 1681 2434 Jesum

356 2501 368 2523 ²
398 2497 484 2531 Alias
500 2506 564 2527 cvr.
582 2504 652 2536 quae
675 2497 784 2525 autem
806 2492 873 2524 186
894 2495 974 2532 erat,
993 2500 1080 2523 nunc
1102 2489 1137 2524 in
1162 2492 1350 2536 Appensice
1373 2500 1419 2526 est
1447 2495 1536 2528 5.—
1558 2495 1682 2541 Scripta

307 2556 390 2589 circa
409 2553 552 2588 medium
567 2559 622 2585 an.
640 2555 720 2590 417.
