1799 3251
311 254 402 298 350
730 264 766 294 s..
809 261 1054 293 Accusrrm
1090 261 1296 293 Episcorl

377 333 408 376 V
416 332 472 377 11.
508 331 564 375 [t
583 346 681 388 ergo
702 344 788 372 non
809 326 965 371 iterum
990 325 1139 371 eadem
1158 342 1499 373 commemorare
1516 345 1686 377 necesse

310 403 364 449 sit
384 438 394 458 ,
415 398 597 462 exempli
618 396 753 457 gratia
771 412 985 460 ponamus
1003 395 1168 458 aliquid
1184 430 1195 452 ‚
1215 395 1331 441 unde
1347 397 1514 460 possint
1530 409 1687 446 caetera

311 470 506 530 intelligi.
538 467 742 523 Catilina,
769 477 817 512 ut
841 466 893 511 de
916 465 990 512 illo
1014 467 1283 529 seripserunt
1301 469 1376 530 qui
1397 485 1518 516 nosse
1537 481 1688 533 potue-

311 552 440 596 runt,
463 539 620 597 frigus,
646 537 788 593 sitim,
813 535 968 581 famem
985 534 1095 583 ferre
1111 545 1304 599 poterat,
1325 547 1502 600 eratque
1520 540 1689 602 patiens

312 611 494 665 inediae,
514 607 694 668 algoriS,
723 606 881 666 vigiliae
902 641 916 663 ,
942 621 1075 669 supra
1096 621 1226 668 quam
1250 606 1457 669 cuiquam
1480 609 1690 656 credibile

311 694 392 738 est‚
417 697 466 726 ac
487 696 565 743 per
584 678 671 723 hoc
693 687 735 722 et
753 676 836 722 sibi
861 686 901 721 et
919 676 1006 721 :uis
1020 692 1175 735 magna
1201 674 1415 738 praeditus
1434 675 1691 728 fortitudine

314 752 559 800 videbatur.
594 747 678 793 Sed
709 747 806 792 brec
840 745 1053 790 fortitudo
1092 744 1288 808 prudens
1319 762 1407 791 non
1439 748 1691 805 erat31nala

312 824 426 871 enim
460 837 541 884 pro
573 818 699 864 bonis
723 816 908 876 eligebat
930 833 941 859 ε
969 825 1212 878 temperans
1235 831 1325 861 non
1355 827 1444 862 erat
1468 837 1479 871 3
1500 834 1690 882 corrup-

320 895 412 941 telis
443 891 557 937 enim
593 886 850 951 turpissimis
882 885 1136 931 soedabatur
1170 889 1316 944 :justa
1340 903 1427 931 non
1451 898 1568 942 erat3
1592 905 1692 934 nam

317 976 466 1012 contra
491 960 673 1025 patriam
697 961 1014 1018 conjuraverat.
1042 957 1098 1001 Et
1120 955 1218 1003 ideo
1241 973 1320 1002 nec
1338 956 1550 1005 fortitudo
1568 970 1690 1015 erat,

318 1035 389 1081 sed
421 1031 581 1079 duritia
621 1029 703 1073 sibi
738 1039 785 1072 ut
821 1027 974 1072 stultos
1006 1026 1208 1083 falleret,
1243 1043 1400 1073 nomen
1424 1028 1696 1076 fortitudinis

318 1102 587 1168 imponebat.
614 1099 725 1143 Nam
752 1097 786 1142 si
805 1096 1017 1143 fortitudo
1043 1107 1148 1142 esset
1168 1133 1178 1153 ,
1200 1113 1289 1142 non
1311 1098 1485 1155 vitium,
1507 1100 1579 1145 sed
1601 1100 1695 1146 vir-

321 1188 389 1222 tus
406 1183 525 1219 essct.
555 1171 599 1215 Si
625 1179 764 1214 autern
797 1168 932 1213 virtus
955 1177 1086 1222 esset,
1114 1184 1137 1213 a
1157 1166 1324 1212 caeteris
1343 1167 1579 1215 virtutibus
1597 1180 1695 1217 tan-

318 1262 449 1311 quam
469 1238 835 1304 inseparabilibus
853 1237 1088 1283 comitibus
1108 1253 1334 1300 nunquam
1357 1238 1687 1303 relinqueretur.

384 1316 507 1361 vill,
577 1315 860 1374 Quapropter
912 1309 1019 1354 dum
1053 1309 1264 1373 quaeritur
1315 1309 1444 1356 etiam
1486 1311 1656 1358 devitiis
1680 1348 1691 1368 ‚

320 1399 466 1435 utrum
485 1386 577 1447 ipsa
591 1381 785 1426 similiter
803 1381 950 1425 omnia
976 1380 1078 1435 sint,
1110 1380 1185 1425 ubi
1203 1396 1339 1425 unum
1358 1382 1459 1435 erit3
1482 1394 1555 1428 aut
1576 1383 1696 1430 nulla

320 1460 420 1511 sint,
449 1457 527 1502 ulzi
550 1469 684 1498 unum
721 1468 806 1496 non
844 1451 949 1503 erit;
989 1450 1255 1495 laboriosum
1290 1452 1421 1497 estid
1452 1453 1691 1509 ostendere,

320 1538 549 1594 propterea
593 1524 694 1586 quia
722 1522 796 1567 nni
825 1521 974 1566 virtuti
1014 1520 1102 1566 duo
1130 1521 1234 1565 vitia
1262 1523 1427 1584 opponi
1467 1523 1620 1579 solent,
1655 1534 1698 1570 et

321 1599 440 1664 quod
461 1605 604 1660 aperte
628 1592 890 1638 contrarium
920 1602 997 1647 est,
1026 1603 1068 1637 et
1086 1591 1204 1654 quod
1240 1593 1381 1653 specie
1403 1593 1697 1640 similitudinis

317 1669 622 1717 adumbratur.
650 1662 774 1708 Unde
791 1662 861 1707 illa
885 1662 1102 1717 Catilinae,
1134 1662 1236 1725 quia
1249 1661 1460 1708 fortitudo
1480 1681 1566 1710 non
1585 1675 1693 1722 erat,

321 1757 420 1804 quae
443 1747 564 1791 essct,
589 1751 686 1780 cum
703 1750 846 1778 secum
866 1733 1044 1778 virtutes
1062 1732 1162 1778 alias
1179 1749 1266 1776 non
1286 1732 1500 1790 habebat,
1525 1735 1697 1781 facilius

319 1811 565 1858 videbatur.
616 1804 748 1860 Quod
797 1821 896 1849 vero
940 1803 1112 1862 ignavia
1149 1802 1294 1858 luerit,
1329 1803 1407 1848 ubi
1450 1805 1696 1851 exercitatio

319 1880 534 1946 quaslibet
567 1874 835 1936 gravissimas
870 1874 1083 1919 molestias
1114 1873 1384 1936 perpetiendi
1422 1885 1550 1938 atque
1587 1875 1695 1922 tole-

321 1950 464 2005 randi,
485 1964 613 2010 supra
637 1962 765 2008 quain
795 1945 997 2007 cuiquam
1025 1944 1233 1990 credibile
1258 1956 1336 2000 est,
1355 1944 1453 1997 suit,
1477 1963 1588 2005 aegre
1602 1964 1697 2009 per·

322 2020 491 2068 suaderi
513 2027 667 2081 potest.
688 2014 769 2059 &ed
797 2014 904 2060 forte
929 2015 1096 2060 acutius
1122 2014 1395 2060 intuentibus
1417 2015 1588 2073 ignavia
1613 2034 1697 2080 ap·-

321 2102 448 2156 paret
463 2091 553 2152 ipsa
568 2085 744 2140 duritia,
767 2085 868 2147 quia
886 2084 1081 2130 laborem
1106 2084 1323 2130 bonorum
1340 2085 1581 2131 studiorum
1602 2087 1698 2150 qui-

323 2165 406 2208 bus
423 2177 521 2205 vera
536 2154 977 2220 acquituidbrtitudo,
993 2155 1246 2214 neglexerat.
1270 2155 1575 2201 Verumtamen
1594 2158 1697 2220 quia

324 2243 425 2279 sunt
439 2229 620 2276 audaces
639 2227 714 2290 qui
733 2226 874 2271 timidi
891 2243 978 2271 non
1001 2237 1119 2281 sunt,
1139 2236 1179 2271 et
1203 2243 1348 2272 rursus
1370 2226 1509 2272 timidi
1533 2229 1696 2290 quibus

324 2303 443 2349 abest
471 2299 672 2353 audacia,
700 2314 800 2342 curn
833 2297 884 2342 sit
908 2308 1142 2359 utrumque
1177 2297 1359 2350 vitium3
1385 2297 1592 2360 quoniam
1618 2298 1695 2361 qui

328 2390 426 2419 vera
460 2372 620 2416 virtute
639 2368 763 2413 sortis
785 2378 863 2423 cst,
893 2384 971 2412 nec
992 2378 1148 2412 temere
1172 2367 1327 2422 audet,
1352 2385 1430 2413 nec
1448 2368 1699 2415 inconsulte

327 2445 474 2500 timet3
500 2441 696 2501 cogimur
729 2438 849 2486 fateri
873 2438 975 2485 vitia
1001 2438 1130 2502 plura
1143 2455 1229 2484 esse
1245 2438 1496 2487 virtutibus.

386 2515 461 2560 IX.
497 2510 621 2557 Unde
648 2508 881 2571 aliquando
915 2508 1071 2553 vitium
1105 2508 1209 2553 vitio
1239 2507 1430 2565 tollitur3
1472 2519 1519 2554 ut
1546 2525 1692 2557 amore

315 2584 476 2640 laudis,
502 2598 622 2629 amor
647 2579 858 2643 pecuniae.
891 2577 1143 2644 Aliquando
1175 2595 1309 2627 unum
1342 2580 1473 2638 cedit,
1498 2590 1545 2627 ut
1561 2579 1693 2644 plura
