1799 3251
581 280 794 312 EPISTOLA
829 283 924 313 cxi„
1370 268 1430 335 67

64 361 211 398 cantat
238 369 249 397 ε
277 372 299 394 c<
338 352 390 397 In
421 352 609 398 Domino
644 352 897 399 laudabitur
937 353 1080 400 anima
1108 353 1245 412 meal,
1273 366 1322 402 ut
1353 357 1431 420 qui

65 443 86 464 »
100 421 325 482 gloriatur,
352 423 398 468 in
424 422 612 467 Domino
643 422 892 482 glorietur2.
923 446 943 465 »

127 493 324 540 LXXVI.
368 492 453 538 Sed
477 493 585 556 quid
605 503 667 539 est
691 494 812 557 quod
835 494 881 540 in
906 495 1055 541 eadem
1085 495 1308 555 Evangelii
1338 496 1431 542 lec-

64 562 179 608 tione
209 563 421 626 scriptum
453 574 543 618 est,
583 581 729 609 omnes
759 581 915 628 sponso
948 566 1141 612 tardante
1162 565 1435 614 dormisse-‘29

65 632 278 679 Somnum
314 635 444 679 istum
476 634 511 679 si
547 634 904 689 intellexerimus,
934 636 1051 699 quod
1085 635 1203 682 velut
1237 636 1435 683 tardante

59 701 244 762 judicio,
259 703 313 749 ad
329 703 447 767 quod
465 702 713 750 faciendum
727 715 933 751 venturus
947 717 1008 751 est
1028 706 1226 752 Christus
1239 706 1272 764 4,
1297 707 1435 752 abun-

53 770 194 817 dante
209 772 437 836 iniquitate
459 773 649 820 charitas
670 774 928 834 refrigescit,
959 776 1180 839 quomodo
1204 777 1266 822 ibi
1294 794 1436 840 pone-

64 858 159 888 mus
183 843 368 904 virgines
393 844 623 908 sapientes,
651 862 752 891 cum
776 846 921 910 potius
941 847 984 892 in
1003 847 1087 893 illis
1107 847 1190 892 sint
1205 847 1257 893 de
1281 849 1442 911 quibus

65 912 228 960 dicitur
243 952 255 971 ,
278 936 298 957 «
319 915 407 972 Qui
428 926 568 961 autem
595 917 928 979 perseveraverit
950 935 1085 981 usque
1107 917 1152 963 in
1178 919 1308 963 finem
1326 956 1336 976 ,
1363 918 1438 965 hic

67 983 238 1031 »salvus
255 985 336 1031 erit
351 985 391 1032 5?
417 1007 437 1028 »
463 987 642 1032 Dictum
663 997 725 1032 est
746 1004 845 1048 ergo
859 1025 868 1043 ,
894 1009 913 1029 α
933 988 1214 1034 Dormierunt
1232 1006 1377 1035 omnes
1395 1010 1406 1043 3
1423 1012 1443 1031 n

64 1056 166 1119 quia
186 1073 276 1102 non
311 1067 478 1103 tantum
511 1057 654 1113 stulti,
689 1058 765 1121 qui
798 1068 978 1122 propter
1001 1059 1241 1104 humanam
1265 1058 1440 1105 laudem

64 1127 181 1174 bona
206 1138 444 1191 operantur
463 1145 613 1174 coram
633 1128 918 1185 hominibus,
941 1146 1091 1176 verum
1121 1130 1251 1175 etiam
1276 1130 1443 1193 sapien-

66 1208 126 1244 tes
142 1200 251 1262 ,qui
279 1199 365 1246 hoc
390 1211 623 1264 propterea
645 1199 813 1245 faciunt
848 1211 896 1245 ut
924 1200 1126 1246 laudetur
1156 1202 1271 1247 Deus
1282 1218 1445 1265 ‚expe-

65 1269 240 1315 riuntur
258 1271 383 1316 istam
412 1281 624 1317 mortem:
653 1288 699 1316 ex
720 1281 904 1333 unoque
925 1271 1037 1316 enim
1061 1287 1212 1330 genere
1246 1271 1445 1317 moriun-

51 1350 150 1387 tur.
185 1340 241 1386 Et
263 1340 344 1386 ista
376 1358 490 1387 mors
529 1358 644 1404 saepe
671 1341 714 1386 in
752 1341 991 1404 Scripturis
1026 1341 1232 1387 delinitio
1267 1341 1446 1398 dicitur,

67 1421 245 1474 propter
290 1410 483 1457 futuram
540 1411 897 1456 resurrectionem
946 1410 1065 1456 velut
1106 1411 1439 1471 evigilationem.

67 1481 182 1527 Hinc
206 1482 438 1544 Apostolus
454 1481 561 1527 (licit
579 1499 589 1527 ε
621 1502 642 1523 «
662 1482 725 1527 De
744 1481 1062 1527 dormientibus
1080 1492 1222 1527 autem
1248 1482 1348 1528 nolo
1368 1499 1443 1530 vos

67 1552 303 1613 »ignorare
336 1552 549 1598 fratresssz
579 1572 599 1594 >³
624 1562 665 1597 et
704 1551 788 1597 alio
821 1551 942 1607 loco,
975 1553 1076 1597 «Ex
1112 1553 1272 1616 quibus
1297 1554 1443 1616 plures

68 1634 281 1669 »manent
305 1636 446 1688 ‘usque
487 1623 657 1679 adhuc,
696 1622 876 1686 quidam
902 1634 1046 1668 autem
1075 1622 1394 1672 dormierunt7.
1422 1646 1442 1665 »

69 1695 124 1740 Et
147 1695 228 1740 alia
243 1694 578 1740 innumerabilia
595 1694 640 1743 in
662 1694 748 1739 hoc
772 1693 1015 1738 testimonia
1041 1704 1186 1756 aperte
1198 1711 1276 1756 per
1295 1694 1444 1758 Scrip-

50 1776 186 1810 -turas
202 1764 423 1829 utriusque
443 1764 706 1810 Testamenti
728 1763 1019 1826 reperiuntur.
1043 1763 1168 1809 Unde
1188 1774 1228 1809 et
1250 1764 1322 1810 ille
1349 1765 1438 1822 ait,

68 1857 86 1876 α
106 1835 461 1895 Consanguineus
497 1834 606 1880 lethi
644 1851 773 1897 sopor
787 1834 820 1880 8.
849 1855 870 1875 >>
894 1837 950 1879 Et
986 1833 1020 1879 si
1054 1833 1277 1891 advertas,
1303 1835 1442 1881 inulta

67 1906 256 1952 invenies
286 1907 414 1951 etiam
441 1907 486 1950 in
514 1904 800 1950 saecularibus
833 1904 1012 1960 litteris,
1047 1904 1124 1949 ubi
1151 1922 1265 1951 mors
1287 1922 1438 1951 somno

68 1987 362 2040 comparatur.
407 1976 677 2036 Significavit
718 1992 818 2035 ergo
857 1975 1067 2021 Dominus
1111 1974 1310 2022 futurum
1354 1994 1442 2023 esse

69 2059 238 2111 tempus
253 2085 264 2103 ,
285 2064 372 2111 quo
387 2048 500 2093 inter
519 2045 820 2091 tribulationes
845 2056 886 2091 et
905 2046 1159 2092 tentationes
1185 2046 1333 2092 saeculi
1349 2046 1440 2093 hu-

63 2123 136 2179 jus
153 2122 452 2181 ,jamjamque
469 2121 559 2177 ejus
580 2127 877 2179 expectaretur
890 2126 1186 2178 etsperaretur
1200 2116 1411 2164 adventus
1425 2155 1436 2172 ‚

71 2201 277 2251 tanquam
298 2188 575 2252 propinquus
595 2197 722 2248 atque
740 2186 969 2231 imminens
986 2222 995 2240 ,
1020 2186 1072 2230 ad
1102 2202 1230 2248 quem
1259 2204 1302 2233 se
1318 2204 1438 2251 prae-

73 2270 252 2322 parent,
285 2259 360 2322 qui
387 2259 433 2303 in
458 2262 548 2318 ejus
579 2273 664 2302 esse
685 2255 849 2301 familia
867 2255 1084 2302 videntur.
1118 2257 1214 2301 Hoc
1236 2268 1299 2302 est
1325 2258 1440 2303 enim

70 2330 189 2393 quod
215 2331 296 2386 ait,
323 2330 449 2375 exisse
467 2328 642 2375 obviam
668 2345 824 2390 sponso
845 2339 885 2373 et
909 2328 1125 2390 spoiisae9‚
1150 2327 1320 2390 Sponso
1342 2329 1438 2392 qui-

71 2401 171 2447 dem
195 2401 302 2447 Filio
323 2401 402 2447 Dei
425 2417 435 2445 ε
459 2407 628 2464 sponsae
660 2410 826 2456 autem,
860 2399 946 2444 sive
976 2398 1077 2461 quia
1110 2398 1154 2444 in
1185 2415 1234 2444 eo
1259 2416 1441 2462 corpore

121 2511 132 2532 ¹
160 2509 240 2542 Psal.
256 2519 377 2547 xxxm,
397 2518 476 2541 2.—-
491 2505 507 2529 2
525 2519 537 2538 1
560 2508 633 2539 Cor.
656 2517 677 2547 ¹,
702 2509 803 2540 31.-
824 2504 837 2527 3
856 2505 975 2538 Manli.
992 2517 1068 2548 xxv,
1088 2508 1167 2537 5i—
1181 2504 1195 2528 4
1212 2506 1260 2538 Id.
1280 2517 1367 2546 xxrv,
1391 2518 1445 2540 η.

73 2582 118 2588 —-
137 2563 253 2597 ⁵1bid.
272 2567 324 2596 13.
343 2582 387 2588 ·—
402 2560 417 2584 6
439 2576 452 2596 1
468 2563 582 2599 Thess.
604 2569 637 2600 4.
656 2575 708 2598 12.
727 2582 769 2588 —
783 2561 796 2585 '¹'
816 2574 829 2594 ι
848 2564 922 2595 Cor.
943 2573 997 2602 KV,
1021 2563 1102 2596 6.·-
1120 2559 1134 2584 8
1154 2563 1241 2605 Virg
1255 2564 1380 2596 AEneid.
1395 2575 1444 2600 vx.

74 2638 120 2647 —-
146 2619 262 2655 Matth.
277 2631 349 2662 xxv,
370 2631 402 2651 ι·

1279 2673 1322 2719 5.
