1799 3251
616 332 823 366 EP1ST01.A
863 336 1024 368 cmxii.
1423 322 1515 385 379

139 401 368 458 haerefici,
409 401 441 446 si
473 400 660 446 diversas
696 399 911 445 internos
946 400 1175 446 sententias
1197 399 1414 457 viderint,
1459 401 1513 447 de

138 473 272 518 animi
297 472 685 518 calumniabuntur
708 487 887 517 rancore
914 471 1186 518 descendere.
1224 471 1350 516 Mihiv
1367 482 1509 518 autem

133 542 354 588 decretum
380 552 442 587 est
468 553 508 587 te
541 559 683 587 amare
703 578 713 597 ,
750 551 790 585 te
821 542 1038 605 suspicere
1060 578 1070 597 ‚
1108 542 1256 587 colere
1283 578 1293 597 ,
1335 541 1512 598 mirari,

133 623 293 677 tuaque
320 611 436 658 dicta
456 612 579 676 quasi
605 626 697 657 mea
723 610 969 658 defendere.
994 612 1118 659 Certe
1154 622 1195 657 et
1235 611 1279 657 in
1309 611 1481 672 dialogo
1499 649 1510 668 ,

134 700 262 747 quem
286 699 428 746 nuper
446 682 582 733 edidi,
609 693 697 728 tuae
722 681 1006 728 beatitudinis
1022 720 1033 739 ,
1059 693 1108 728 ut
1128 682 1310 742 dignum
1335 681 1478 728 fuerat
1500 719 1511 739 ,

133 752 384 799 recordatus
397 752 522 799 sum1
543 771 553 798 ε
578 753 799 816 magisque
819 751 972 798 demus
996 769 1192 816 operam,
1223 762 1269 797 ut
1290 752 1514 815 pernicio-

134 823 298 869 sissima
320 823 493 869 haeresis
510 823 563 869 de
583 822 773 869 ecclesiis
793 822 1033 879 auferatur,
1061 839 1160 886 quae
1178 839 1348 885 semper
1375 822 1512 868 simu-

71 919 77 924 ·
136 893 197 940 lat
217 893 541 957 poenitentiam,
570 903 615 938 ut
636 892 822 938 docendi
846 893 890 938 in
916 893 1104 938 ecclesiis
1135 892 1298 938 haheat
1320 892 1512 938 faculta-

138 975 248 1019 tem;
275 982 356 1021 ne,
391 965 425 1010 si
456 973 606 1028 aperta
643 980 684 1009 se
722 963 819 1010 11166
860 963 1132 1027 prodiderit,
1175 963 1289 1009 foras
1330 963 1505 1027 expulsa

135 1046 360 1083 moriatur.
385 1056 405 1078 ›>

202 1107 261 1153 ΙΙ.
298 1128 318 1148 α
339 1107 511 1153 Sanctae
544 1123 596 1156 ac
624 1106 890 1152 venerabiles
921 1107 1024 1153 fitiae
1047 1117 1133 1152 tuae
1158 1105 1447 1152 Eustochium
1471 1116 1514 1152 et

137 1177 273 1223 Paula
289 1215 299 1234 ,
324 1188 364 1224 et
387 1194 538 1237 genere
557 1193 634 1223 suo
654 1187 695 1222 et
719 1177 1014 1223 exhortatione
1046 1188 1120 1223 tua
1151 1176 1280 1238 digne
1302 1176 1514 1237 gradiun-

139 1258 229 1305 tur,
259 1247 591 1311 specialiterque
618 1247 806 1294 salutant
838 1248 1155 1294 beatitudinem
1191 1259 1310 1293 tuam
1334 1262 1345 1293 ε
1374 1247 1514 1293 omnis

136 1334 310 1382 quoque
338 1317 607 1364 fraternitas‘2
629 1355 639 1373 ‚
676 1335 776 1381 quae
805 1319 1033 1364 nobiscum
1071 1319 1262 1365 Domino
1298 1317 1514 1364 Salvatori

138 1389 294 1435 servire
327 1399 524 1437 conatur.
563 1391 773 1434 Sanctum
807 1390 1114 1453 presbyterum
1141 1390 1365 1445 Firmum,
1400 1404 1512 1434 anno

137 1459 361 1522 praeterito
382 1495 392 1514 ,
430 1459 487 1504 ol)
516 1476 605 1504 rem
633 1476 780 1505 earum
815 1461 1096 1516 Ravennam,
1124 1470 1165 1505 et.
1192 1459 1293 1505 inde
1319 1459 1511 1505 Africam

139 1529 419 1594 Siciliamque
452 1529 713 1585 direximus,
751 1547 879 1594 quem
911 1541 1116 1593 putamus
1143 1534 1235 1590 jam
1272 1531 1316 1576 in
1353 1529 1514 1576 Africae

139 1601 341 1664 partibus
360 1600 634 1646 commorari.
667 1601 850 1647 Sanctos
879 1612 954 1646 tuo
991 1601 1262 1647 adhaerentes
1287 1601 1441 1656 lateri,
1466 1609 1515 1645 ut

140 1688 235 1717 meo
266 1670 473 1734 obsequio
507 1671 666 1716 salutes
683 1708 693 1727 ,
723 1689 892 1734 precor.
919 1672 1102 1718 Litteras
1123 1689 1298 1735 quoque
1323 1689 1436 1717 meas
1460 1669 1514 1716 ad

139 1752 336 1788 sanctum
361 1742 664 1805 presbyterum
699 1742 894 1787 Firmum
917 1741 1079 1788 direxi:
1114 1759 1214 1805 quae
1242 1742 1276 1787 si
1301 1741 1354 1787 ad
1383 1751 1421 1786 te
1441 1757 1517 1786 ve-

140 1813 304 1870 nerint,
327 1813 365 1858 ei
390 1813 574 1873 dirigere
610 1830 696 1858 non
725 1813 928 1873 graveris.
966 1813 1234 1859 lncolumem
1265 1823 1305 1858 te
1327 1849 1338 1869 ‚
1365 1822 1407 1858 et
1433 1810 1518 1856 mei

141 1901 375 1930 memorem
401 1920 411 1939 ,
447 1884 650 1930 Christus
682 1884 896 1930 Dominus
927 1884 1170 1938 custodiat,
1200 1883 1386 1930 Domine
1418 1898 1516 1928 vere
1544 1876 1550 1882 ⁸

141 1965 286 2000 sancte
310 1965 351 1999 et
372 1954 616 2000 beatissime
634 1954 755 2017 Papa
775 1991 784 2010 ‚
804 1955 894 2000 «Et
914 1956 1089 2000 subter:
1114 1977 1132 1996 »
1155 1953 1376 2000 Grandem
1392 1951 1517 1998 latini

142 2025 346 2071 sermonis
386 2026 429 2070 in
470 2026 549 2071 ista
580 2026 810 2090 provincia
849 2026 1119 2072 notariorum
1144 2026 1340 2090 patimur
1372 2039 1515 2087 penu-

143 2097 250 2142 riam
282 2114 293 2142 :
322 2096 551 2142 etidcirco
584 2097 817 2161 praeceptis
854 2097 936 2143 tuis
964 2114 1113 2161 parere
1144 2113 1233 2142 non
1254 2110 1482 2160 possumus
1503 2128 1516 2149 ‚

143 2168 326 2213 maxime
344 2167 387 2212 in
413 2167 601 2213 editione
625 2168 928 2231 Septuaginta,
956 2185 1055 2232 quae
1075 2167 1282 2213 asteriscis
1301 2165 1516 2212 verubus·-

145 2255 227 2301 que
255 2237 457 2283 distincta
476 2248 551 2285 est.
582 2238 795 2302 Pleraque
825 2238 939 2284 enim
970 2238 1125 2302 prioris
1154 2236 1344 2293 laboris,
1370 2234 1523 2281 fraude

145 2307 371 2368 cujusdam
399 2308 633 2356 amisimus.
655 2331 674 2351 n

194 2402 203 2422 ¹
220 2399 287 2431 Lib.
311 2401 341 2432 3.
361 2399 509 2432 adversus
528 2400 722 2444 Pelagianos.
735 2420 775 2426 -—
795 2400 810 2423 2
823 2404 895 2446 Sap.
917 2413 979 2444 vu,
995 2402 1049 2432 26.
