1799 3251
311 289 405 344 438
736 306 770 335 s,
814 305 1056 336 anensium
1092 305 1295 336 EPISCOP1

310 367 478 414 anobis
493 369 711 427 accersiri,
731 369 804 415 sed
819 370 910 434 ipse
928 371 1057 417 debet
1072 371 1217 435 potius
1237 370 1461 431 festinare,
1482 382 1531 419 ut
1547 373 1684 436 possit

311 438 491 485 absolvi.
527 439 635 484 Nam
656 442 689 485 si
727 440 873 487 adhuc
901 442 1045 487 taliter
1079 442 1235 497 sentit,
1268 441 1444 505 quando
1469 459 1512 488 se
1533 449 1683 489 nostro

305 508 476 568 judicio
510 510 738 573 quibusvis
773 512 962 576 acceptis
996 513 1175 567 litteris,
1210 529 1309 557 cum
1337 513 1444 558 sciat
1466 513 1684 559 damnans

310 578 414 623 dum
438 596 479 624 se
501 596 587 624 esse
603 617 612 635 ‚
641 583 910 628 committet?
935 583 1065 639 Quod
1094 583 1127 628 si
1151 583 1445 629 accersiendus
1465 594 1600 639 esset,
1627 584 1683 629 ab

304 649 356 694 iis
377 649 527 694 melius
552 652 694 706 fieret,
716 653 791 715 qui
811 654 945 713 magis
961 654 1145 717 proximi
1159 664 1200 698 et
1218 670 1306 698 non
1326 654 1455 714 longo
1474 665 1685 700 terrarum

306 720 446 782 spatio
470 719 674 766 videntur
709 739 794 767 esse
825 723 1046 785 disjuncti.
1088 723 1172 769 Sed
1207 741 1295 768 non
1326 723 1462 769 deerit
1490 741 1620 781 cura,
1649 723 1686 769 si

304 789 533 836 medicinae
561 792 759 854 praebeat
792 793 864 838 ille
892 796 1126 840 materiam,
1164 796 1310 839 Potest
1339 794 1453 840 enim
1479 794 1685 840 damnare

306 876 406 922 quae
427 872 640 916 senserat,
680 879 729 908 ac
753 863 864 908 datis
886 864 1037 910 litteris
1061 865 1216 910 erroris
1248 864 1339 919 sui,
1376 875 1424 910 ut
1447 879 1687 925 regressum

309 930 365 975 ad
385 947 462 975 nos
487 930 632 986 decet,
659 933 830 978 veniam
852 935 1098 998 postulare,
1124 935 1278 980 fratres
1299 935 1556 982 charissimi.
1584 955 1606 975 »

370 1000 420 1046 V.
451 1022 471 1042 c<
490 1002 675 1048 Librum
692 1020 813 1059 sane,
843 1007 917 1067 qui
935 1009 1025 1065 ejus
1043 1022 1129 1051 esse
1151 1005 1384 1062 diceretur,
1406 1005 1533 1051 nobis
1555 1019 1579 1050 a·
1596 1010 1689 1051 ves-

309 1081 375 1115 tra
393 1070 607 1116 charitate
634 1074 930 1119 transmissum
957 1076 1197 1122 evolvimus
1217 1093 1227 1120 z
1249 1076 1294 1121 in
1318 1092 1407 1139 quo
1428 1075 1567 1120 multa
1587 1091 1690 1120 con-

311 1151 376 1184 tra
416 1140 494 1185 Dei
535 1141 715 1200 gratiam
751 1142 932 1203 legimus
970 1162 1055 1190 esse
1090 1145 1364 1208 conscripta,
1404 1145 1541 1190 multa
1567 1144 1689 1189 blas-

309 1210 499 1273 phema,
540 1211 653 1256 nihil
684 1213 803 1275 quod
829 1214 1021 1276 placeret
1041 1252 1051 1270 ‚
1090 1226 1131 1260 et
1168 1216 1280 1260 nihil
1310 1232 1422 1278 pene
1457 1213 1575 1277 quod
1602 1229 1691 1258 non

309 1280 481 1342 penitus
505 1280 773 1344 displiceret,
805 1301 826 1328 a
851 1285 1005 1347 quovis
1040 1285 1339 1331 damnandum
1361 1295 1488 1348 atque
1513 1283 1690 1330 calcan-

310 1350 440 1408 dum,
461 1356 585 1411 qu'us
603 1352 757 1398 similia
774 1391 784 1409 ,
806 1355 885 1399 nisi
901 1356 976 1418 qui
995 1357 1074 1401 ista
1097 1357 1351 1419 scripserat,
1374 1371 1501 1400 nemo
1521 1354 1628 1400 alter
1645 1352 1691 1399 in

309 1431 495 1467 mentem
521 1421 732 1483 reciperet
755 1434 885 1486 atque
904 1425 1094 1470 sentiret.
1123 1427 1230 1469 Nam
1255 1424 1342 1469 hoc
1366 1424 1463 1469 loco
1488 1423 1618 1469 latius
1638 1422 1695 1467 de

310 1491 421 1548 liege
437 1490 659 1552 disputare
671 1491 787 1537 velut
807 1510 951 1539 coram
975 1496 1117 1557 posito
1136 1504 1492 1557 repugnanteque
1513 1491 1690 1551 Pelagio

310 1562 595 1605 necessarium
631 1578 716 1607 esse
755 1580 844 1608 non
879 1563 1106 1620 duximus,
1147 1581 1247 1610 cum
1282 1564 1512 1609 vobiscum
1553 1573 1692 1608 totam

309 1630 544 1675 scientibus
564 1632 748 1693 parique
768 1633 997 1679 nobiscum
1021 1635 1260 1680 assensione
1282 1633 1574 1693 gaudentibus
1598 1632 1694 1677 col-

314 1699 559 1762 loquamur.
603 1701 729 1747 Tunc
763 1704 876 1748 enim
904 1705 1055 1750 melius
1088 1705 1186 1750 haec
1220 1704 1413 1767 exempla
1447 1713 1689 1767 ponuntur,

315 1769 491 1832 quando
516 1787 615 1815 cum
638 1771 713 1825 iis,
747 1790 857 1836 quos
884 1774 1041 1820 harum
1070 1785 1240 1821 constat
1263 1791 1407 1819 rerum
1433 1773 1694 1836 impruden-

315 1850 377 1884 tes
415 1856 527 1895 esse,
573 1851 821 1889 tractamus.
862 1845 971 1890 Nam
1007 1845 1060 1890 de
1094 1857 1264 1890 naturae
1298 1844 1612 1908 possibilitate,
1640 1842 1694 1888 de

316 1909 455 1955 libero
475 1911 656 1956 arbitrio
673 1950 682 1967 ,
702 1924 742 1958 et
762 1914 814 1959 de
836 1916 953 1960 omni
971 1917 1049 1961 Dei
1073 1917 1234 1976 gratia,
1257 1926 1298 1960 et
1316 1914 1568 1978 quotidiana
1592 1930 1694 1973 gra-

323 1981 377 2025 tia
399 2017 408 2035 ‚
447 1981 514 2025 cui
551 1998 638 2026 non
674 1984 727 2028 sit
765 1996 878 2030 recte
914 1987 1109 2032 sentienti
1137 1987 1407 2031 uberrimum
1440 1985 1692 2048 disputare?

319 2051 666 2097 Anathematizet
691 2070 790 2113 ergo
813 2057 892 2100 ista
918 2073 1016 2118 quae
1037 2057 1187 2110 sensit,
1213 2066 1260 2101 ut
1282 2055 1370 2109 illi,
1396 2055 1471 2118 qui
1494 2060 1584 2113 ers
1602 2071 1691 2099 ser-

320 2121 526 2166 monibus
546 2122 717 2168 fuerant
738 2127 1056 2190 praeceptisque
1071 2128 1275 2190 collapsi,
1303 2125 1408 2189 quid
1430 2125 1602 2171 tandem
1617 2125 1696 2169 ha-

320 2192 420 2236 beat
441 2192 545 2237 fides
564 2210 662 2239 vera
685 2208 967 2255 cognoscant.
996 2198 1181 2243 Facilius
1208 2198 1321 2242 enim
1350 2196 1543 2242 revocari
1565 2205 1695 2259 pote-

322 2273 422 2307 runt
442 2299 451 2317 ‚
476 2280 575 2308 cum
597 2265 676 2309 ista
704 2282 725 2310 a
746 2283 823 2312 suo
849 2269 1052 2314 senserint
1073 2279 1246 2314 auctore
1268 2267 1481 2313 damnari.
1507 2264 1638 2322 Quod
1661 2265 1696 2310 si

322 2332 395 2377 ille
431 2333 710 2395 pertinaciter
748 2336 792 2381 in
831 2337 915 2383 hac
959 2339 1143 2384 voluerit
1179 2339 1402 2401 impietate
1439 2336 1690 2400 persistere,

324 2403 537 2462 agendum
559 2415 619 2449 est
637 2416 848 2468 quatenus
869 2409 934 2454 vel
958 2409 1007 2454 iis
1038 2410 1174 2472 possit
1197 2407 1417 2455 subveniri
1437 2445 1447 2461 ‚
1473 2423 1584 2470 quos
1605 2421 1694 2451 non

324 2489 425 2518 SUUS
440 2509 449 2527 2
479 2473 551 2518 sed
568 2474 701 2534 hujus
719 2478 851 2537 magis
876 2497 994 2525 error
1010 2479 1207 2526 induxit:
1236 2496 1289 2524 ne
1313 2489 1355 2524 et
1377 2477 1460 2524 illis
1484 2476 1580 2522 haec
1599 2492 1696 2520 me-

323 2542 468 2589 dicina
497 2556 667 2607 pereat,
689 2551 812 2607 cujus
833 2549 910 2596 iste
928 2550 1055 2596 talem
1081 2567 1168 2596 non
1191 2549 1384 2595 admittit
1404 2563 1484 2594 nec
1502 2545 1696 2610 postulat

324 2629 473 2658 curam
505 2631 515 2658 ε
549 2625 594 2659 et
621 2616 719 2661 alia
744 2634 919 2665 manu:
945 2621 1060 2668 Deus
1082 2637 1159 2669 vos
1182 2619 1422 2667 incolumes
1443 2614 1690 2674 custodiat,
