1799 3251
338 258 429 314 338
756 273 790 300 s.
835 272 1079 314 auots‘i‘ini
1115 272 1317 301 Episcopi

341 339 545 399 omnibus
575 356 585 382 2
620 348 661 382 et
685 348 913 399 propterea
946 337 1078 396 hujus
1098 335 1260 399 ipsius,
1293 336 1346 381 de
1370 354 1452 400 qua
1481 339 1707 399 nuncagi-

339 428 435 465 mus
468 408 782 465 defensionem,
825 408 868 452 in
907 407 997 462 tiis,
1027 424 1126 470 quae
1167 408 1500 453 commemoravi
1546 407 1598 453 de
1634 409 1708 454 illo

336 481 469 537 libro,
498 478 640 525 verbis
664 477 765 523 meis
800 477 1003 527 attentius
1031 478 1219 532 intuens,
1244 477 1430 523 validam
1452 479 1709 542 firmamque

340 569 427 610 1³9¹!
451 549 593 596 video.

399 623 495 669 XX.
521 621 630 666 Nam
657 618 771 665 velut
791 620 1112 665 firmamenuun
1135 621 1227 677 ejus
1269 617 1381 663 illud
1411 629 1490 674 est,
1510 617 1710 681 quodibi

331 691 435 748 dixi,
459 690 596 754 [Quis
617 700 762 734 autem
797 688 917 734 novit
940 688 1046 752 quid
1073 687 1287 751 parvulis,
1309 688 1363 734 de
1397 701 1585 751 'quorum
1606 705 1711 733 eru-

328 761 518 816 ciatibus
535 759 700 805 duritia
718 762 933 819 majorum
955 757 1257 814 contunditur,
1276 768 1349 803 aut
1362 768 1578 803 exercetur
1590 756 1712 814 fides,

332 843 406 889 aut
431 829 723 877 misericordia
750 830 999 893 probatur:
1033 829 1130 892 quis
1163 845 1262 888 ergo
1303 829 1424 875 novit
1459 828 1567 892 quid
1608 828 1713 891 ipsis

327 900 581 967 parvulisin
600 910 760 945 secreto
779 899 1051 958 judiciorum
1086 915 1261 944 suorum
1295 899 1424 944 bonae
1453 915 1712 961 compensa-

328 973 454 1020 tionis
474 981 658 1016 reservet
680 972 793 1016 Deus
811 970 856 1031 1³]
893 969 965 1015 sed
991 969 1076 1014 hoe
1102 986 1189 1014 non
1213 969 1430 1014 immerito
1461 968 1549 1013 diei
1588 967 1713 1013 video

326 1043 380 1099 de
406 1043 492 1096 his,
526 1042 603 1102 qui
622 1040 690 1085 vel
711 1057 789 1103 pro
812 1040 976 1085 Christi
1002 1040 1176 1085 nomine
1192 1057 1240 1084 ae
1268 1057 1369 1085 vera
1394 1039 1598 1098 religione
1625 1037 1710 1083 tale

331 1110 494 1174 aliquid
512 1110 637 1155 etiam
656 1110 888 1155 nescientes
902 1109 1148 1171 patiuntur,
1169 1109 1235 1155 vel
1258 1119 1526 1154 sacramento
1546 1106 1713 1153 Christi

325 1186 416 1242 jam
439 1180 598 1226 imbuti
623 1190 738 1233 sunt,
764 1180 866 1242 quia
887 1180 976 1224 sine
1001 1179 1208 1224 societate
1236 1179 1362 1224 unius
1387 1177 1633 1223 mediatoris
1655 1177 1714 1223 li—

328 1251 469 1300 berari
495 1268 517 1295 a
543 1249 822 1295 damnatione
847 1266 932 1294 non
976 1259 1174 1311 possunt,
1213 1259 1260 1293 ut
1288 1248 1423 1312 possit
1461 1248 1548 1303 eis,
1586 1247 1714 1293 etiam

329 1337 412 1385 pro
443 1319 526 1365 illis
554 1319 693 1375 malis,
720 1336 820 1381 quae
838 1319 911 1363 hie
932 1319 976 1363 in
998 1318 1176 1364 diversis
1197 1317 1505 1364 afflictionibus
1522 1316 1714 1380 pertule-

331 1401 451 1448 runt,
478 1400 774 1453 compensatio
798 1390 875 1434 ista
916 1389 1130 1452 praestari.
1170 1389 1299 1434 Nune
1326 1400 1467 1435 autem
1505 1405 1603 1434 cum
1636 1388 1716 1433 ista

327 1461 508 1525 quaestio
531 1477 614 1505 non
640 1460 776 1522 possit
799 1460 983 1514 absolvi,
1015 1460 1095 1504 nisi
1121 1460 1252 1504 etiam
1271 1459 1323 1504 de
1340 1459 1407 1504 his
1425 1458 1617 1521 parvulis
1632 1475 1715 1503 res-

328 1531 594 1597 pondeatur,
611 1531 687 1593 qui
704 1541 799 1593 post
816 1531 1086 1590 gravissimos
1099 1547 1202 1576 crue
1219 1531 1329 1576 iatus
1343 1531 1431 1575 sine
1449 1540 1717 1575 sacramento

332 1601 596 1649 Christianae
623 1600 836 1644 societatis
856 1600 1069 1662 ex1›i1·ant‚
1097 1616 1195 1662 quae
1219 1598 1335 1645 eirea
1364 1616 1434 1644 eos
1453 1616 1716 1662 compensa-

337 1671 396 1717 tio
417 1669 648 1730 cogitanda
675 1681 753 1724 est,
780 1670 942 1732 quibus
961 1669 1140 1732 insuper
1164 1680 1203 1714 et
1225 1669 1448 1715 danmatio
1469 1679 1717 1732 praeparata

335 1745 424 1789 est?
447 1742 556 1788 Nam
572 1750 614 1785 et
632 1739 915 1802 dehaptismo
939 1739 1221 1802 parvulorum
1244 1741 1289 1786 in
1306 1739 1454 1785 eodem
1476 1740 1607 1795 libro,
1629 1756 1715 1785 non

343 1812 519 1876 quidem
555 1810 834 1867 sufficienter,
861 1810 933 1856 sed
957 1822 1172 1874 quantum
1191 1811 1252 1856 illi
1272 1811 1393 1873 operi
1416 1811 1515 1856 satis
1540 1827 1626 1855 esse
1650 1810 1715 1855 vi-

341 1883 546 1937 debatur,
585 1892 823 1943 uteumque
847 1880 1068 1943 respondi,
1113 1880 1231 1944 quod
1255 1882 1381 1926 etiain
1407 1881 1713 1938 nescientibus,

342 1963 385 2000 et
407 1951 538 1998 fidem
556 1967 676 1996 suam
699 1950 893 1995 nondum
930 1950 1198 1996 habentibus
1234 1951 1411 2014 prodest
1435 1969 1550 1997 :non
1577 1962 1718 1997 tamen

346 2023 400 2072 de
438 2021 715 2080 damnatione
740 2037 888 2065 eorum
914 2020 1216 2083 parvulorum,
1242 2022 1314 2083 qui
1340 2022 1429 2068 sine
1451 2022 1526 2068 illo
1555 2040 1602 2067 ex
1631 2023 1717 2070 hac

345 2093 434 2140 vita
465 2091 693 2151 emigrant,
725 2100 825 2135 tunc
849 2089 1013 2153 aliquid
1044 2089 1276 2136 dicendum
1302 2093 1471 2155 putavi,
1506 2093 1609 2156 quia
1631 2110 1718 2139 non

344 2162 464 2228 quod
485 2179 602 2208 nune
620 2163 781 2221 agitur,
806 2161 1026 2219 agebatur.

413 2235 533 2290 XM.
565 2232 647 2278 Sed
667 2243 711 2277 ut
730 2232 978 2278 omittamus
992 2243 1033 2277 et
1047 2244 1374 2279 contemnamus
1393 2252 1458 2290 ea,
1480 2252 1579 2299 quae
1596 2235 1719 2291 brevi

347 2317 542 2368 tempore
565 2304 813 2367 patiuntur,
841 2319 919 2348 nee
955 2313 1167 2349 transacta
1187 2315 1465 2362 revocantur,
1503 2306 1718 2370 numquid

345 2376 539 2433 similiter
560 2384 832 2420 contemnere
850 2390 1103 2436 possumus:
1129 2396 1146 2415 α
1165 2374 1295 2431 Quod
1321 2392 1398 2438 per
1422 2393 1557 2422 unum
1577 2376 1720 2432 homi·

345 2469 366 2489 »
392 2464 488 2503 neni
511 2463 642 2501 mors,
671 2455 712 2491 et
733 2462 809 2508 per
845 2461 979 2501 unum
1006 2444 1225 2491 hominem
1247 2448 1501 2493 resurrectio
1523 2458 1718 2502 mortuo·

344 2540 364 2560 >2
390 2520 518 2564 rum?
546 2517 668 2563 Sicut
687 2515 802 2561 enim
825 2515 869 2571 in
898 2514 1034 2572 Adam
1057 2533 1203 2562 omnes
1224 2516 1487 2573 moriuntur,
1525 2518 1586 2577 sie
1611 2517 1716 2571 etin

339 2612 360 2645 p
385 2588 561 2648 Christo
581 2603 727 2639 omnes
750 2585 1090 2636 vivificabuntur
1106 2585 1138 2634 1.
1167 2587 1287 2633 »Per
1304 2587 1421 2635 hane
1448 2588 1561 2635 enim
1586 2605 1717 2653 apos-

387 2670 436 2702 ⁸1
461 2672 535 2715 (Σῦς.
555 2680 606 2706 xv,
628 2680 683 2709 21,
705 2679 760 2701 22.
