1799 3251
307 350 398 404 428
710 363 744 391 s.
790 361 1033 392 arcessiat
1069 362 1271 392 Emscom

301 428 506 490 pliciatur
523 431 726 490 exoptat?
752 427 822 472 llli
840 428 954 472 enim
984 444 1151 473 necesse
1175 437 1238 472 est
1275 426 1354 472 ista
1380 436 1578 486 arguant,
1602 426 1676 489 qui

301 497 374 542 illa
400 498 675 543 confirmant.
725 496 868 543 David
894 497 1008 543 enim
1039 498 1243 543 orationis
1266 498 1442 556 ignarus
1461 533 1471 550 ,
1510 507 1552 541 et
1587 512 1679 541 suae

301 577 471 612 naturae
489 567 659 612 nescius
683 577 927 622 accusetur,
968 566 1046 630 qui
1080 583 1180 612 cum
1207 567 1313 612 sciat
1344 577 1514 611 tantum
1538 566 1584 611 in
1604 581 1680 611 sua

299 639 431 684 inesse
451 649 624 691 natura,
654 637 896 697 adjutorem
922 638 1004 683 sibi
1021 640 1159 683 Deum
1181 648 1222 682 et
1251 637 1471 682 assiduum
1501 636 1679 696 adjuto-

303 718 455 763 torem,
485 724 564 753 nec
584 707 648 753 illi
668 708 826 753 suflicit
851 708 1089 763 assiduum,
1118 707 1191 753 sed
1223 724 1275 752 ne
1296 706 1530 770 aliquando
1555 706 1682 752 illum

301 777 530 840 despiciat,
550 778 819 823 orationibus
832 795 995 840 pronus
1015 788 1205 840 exoptat,
1233 787 1363 839 etper
1377 793 1538 838 corpus
1553 792 1681 821 omne

301 848 492 909 psalterii
514 848 600 893 hoc
620 859 660 893 et
684 848 898 911 praedicat
915 859 956 893 et
971 848 1144 893 clamat.
1186 847 1232 892 Si
1258 863 1357 906 ergo
1389 847 1475 892 hoc
1495 846 1566 891 ille
1590 855 1680 890 tam

304 935 485 977 magnus
518 919 628 963 sicut
666 919 834 964 assidue
866 918 1026 972 dicere,
1065 918 1124 962 ita
1153 916 1437 962 necessarium
1463 916 1682 961 consessus

302 999 364 1033 est
389 999 437 1033 ut
456 988 628 1034 doceret
648 1009 660 1042 ;
679 989 1048 1052 quemadmodum
1067 987 1262 1046 Pelagius
1290 987 1604 1049 Coelestiusque
1621 1002 1681 1030 se-

305 1059 447 1121 posita
480 1059 597 1103 omni
639 1059 915 1121 responsione
943 1058 1217 1103 Psalmorum
1237 1094 1246 1109 ,
1276 1056 1440 1119 talique
1475 1055 1681 1101 abdicata

303 1127 519 1181 doctrina,
547 1145 745 1174 suasuros
763 1145 804 1173 se
830 1128 1049 1191 aliquibus
1082 1144 1167 1172 esse
1189 1126 1434 1181 confidunt,
1456 1143 1534 1171 nos
1559 1125 1682 1184 adju-

306 1198 463 1243 torium
481 1198 561 1243 Dei
582 1216 659 1244 nec
675 1199 832 1244 debere
847 1215 1058 1261 quaerere,
1078 1215 1156 1242 nec
1173 1214 1221 1242 eo
1237 1214 1358 1256 egere
1377 1216 1387 1249 ;
1411 1213 1509 1241 cum
1536 1213 1683 1241 omnes

303 1271 436 1314 sancti
468 1269 633 1314 nihilse
656 1269 744 1315 sine
768 1269 854 1314 hoc
873 1287 991 1328 agere
1010 1286 1130 1331 posse
1155 1279 1374 1314 testentur.
1401 1290 1420 1307 »

371 1341 467 1385 Yll.
499 1340 745 1385 «Liberum
767 1341 879 1385 enim
909 1340 1137 1385 arbitrium
1167 1339 1271 1384 olim
1303 1339 1375 1384 ille
1403 1335 1677 1400 perpessus¹‚

304 1410 407 1455 dum
424 1411 508 1455 suis
532 1411 818 1455 inconsultius
843 1412 978 1455 utitur
996 1410 1140 1465 honis,
1167 1409 1324 1454 cadens
1345 1409 1388 1454 in
1417 1407 1683 1471 praevarica-

305 1481 433 1525 tionis
469 1480 688 1543 profunda
715 1480 933 1525 demersus
957 1491 1045 1536 est,
1081 1490 1122 1524 et
1157 1479 1268 1524 nihil
1308 1476 1682 1542 quemadmodum

305 1550 453 1595 exinde
478 1567 647 1610 surgere
682 1562 826 1613 posset
844 1551 1027 1605 invenit,
1060 1566 1222 1612 suaque
1249 1549 1293 1594 in
1314 1559 1526 1594 aeternum
1546 1546 1684 1592 liber-

307 1620 615 1683 tatedeceptus
634 1621 767 1680 hujus
795 1622 935 1666 ruinae
966 1621 1169 1680 jacuisset
1203 1636 1431 1682 oppressu,
1469 1618 1551 1663 nisi
1583 1633 1684 1662 eum

310 1701 404 1752 post
431 1690 592 1735 Christi
617 1708 699 1754 pro
728 1708 802 1736 sua
821 1691 956 1751 gratia
985 1691 1210 1736 relevasset
1245 1690 1478 1735 adventus:
1506 1687 1582 1750 qui
1607 1704 1685 1750 per

307 1777 432 1806 nova}
475 1761 806 1820 regenerationis
828 1762 1201 1824 purificationem,
1250 1777 1377 1805 omne
1412 1758 1686 1822 praeteritum

307 1831 460 1875 xitium
481 1832 544 1876 sui
577 1831 853 1894 baptismatis
881 1832 950 1876 lax
956 1849 1054 1877 acro
1082 1831 1303 1893 purgavit,
1334 1842 1374 1875 et
1398 1833 1486 1889 ejus
1509 1829 1684 1874 firmans

303 1912 353 1945 szt
358 1911 463 1945 utum
495 1918 582 1963 quo
607 1903 766 1947 rectius
789 1902 1072 1978 stabiliusque
1102 1900 1374 1965 prowedeiet,
1401 1911 1541 1945 tamen
1563 1915 1684 1943 suam

299 1988 362 2030 gi
353 1971 422 2015 1ti
416 1988 479 2015 nn
498 1972 541 2015 in
557 1981 781 2033 posterum
803 1989 890 2016 non
915 1972 1103 2030 negavit.
1129 1972 1167 2016 X
1174 1987 1239 2015 am
1261 1987 1335 2031 qu
1325 1969 1457 2014 imxIs
1477 1967 1685 2013 redemis-

300 2058 339 2084 s‹
346 2052 360 2085 t
381 2041 600 2086 homiuem
615 2043 881 2103 apraeteritis
896 2041 964 2086 ille
983 2042 1187 2103 peccatis,
1207 2051 1351 2084 tamen
1367 2040 1502 2084 sciens
1520 2038 1679 2082 iterum

303 2127 424 2173 posse
442 2127 641 2172 peccare,
661 2110 715 2155 ad
736 2111 1051 2173 reparationem
1072 2110 1174 2164 sibi,
1193 2107 1568 2172 quemadmodum
1589 2123 1686 2170 pos-

303 2190 364 2225 set
392 2179 514 2225 illum
549 2190 590 2224 et
615 2191 712 2242 post
748 2182 827 2225 ista
858 2180 1093 2239 corrigere,
1129 2179 1264 2224 multa
1296 2179 1507 2223 servavit:
1535 2176 1686 2240 quoti-

302 2249 431 2295 diana
453 2261 636 2312 praestat
664 2251 734 2295 ille
760 2250 965 2304 remedia,
994 2250 1155 2313 quibus
1193 2249 1275 2294 nisi
1298 2248 1399 2294 freti
1446 2247 1685 2309 confisique

299 2320 506 2375 nitamur,
540 2321 784 2367 nullatenus
802 2322 972 2368 vincere
992 2322 1206 2366 humanos
1231 2321 1475 2383 poterimus
1495 2335 1677 2364 errores.

305 2392 482 2435 Necesse
502 2403 564 2436 est
587 2391 720 2447 enim,
746 2403 793 2437 ut
819 2408 906 2455 quo
931 2390 1160 2436 auxiliante
1198 2390 1432 2444 vincimus,
1453 2405 1501 2434 eo
1518 2388 1680 2433 iterum

298 2478 385 2506 non
406 2460 474 2519 adj
485 2472 640 2507 nvaute
657 2462 899 2508 vincamur.
943 2460 1028 2507 Sed
1048 2477 1216 2524 possem
1251 2460 1379 2523 plura
1413 2458 1574 2516 dicere,
1597 2456 1678 2502 nisi

303 2547 377 2575 vos
395 2541 613 2577 constaret
638 2543 799 2578 cuncta
826 2532 991 2579 dixisse.
1025 2553 1044 2573 ›>

370 2601 492 2647 vill.
523 2623 544 2643 «
570 2603 780 2667 Quisquis
798 2621 897 2664 ergo
921 2604 1026 2650 huic
1045 2602 1277 2650 assentiens
1296 2601 1470 2649 videtur
1490 2617 1574 2648 esse
1593 2616 1686 2646 sen·

349 2683 357 2706 ¹
377 2685 427 2717 Dc
446 2685 655 2728 Dogmatibus
673 2686 875 2720 ecclesiastic.
897 2697 965 2731 cap.
985 2697 1038 2720 22.
