1799 3251
602 289 959 324 Aumo'rAnoNEs.
1379 280 1473 339 543

441 452 698 484 ΑΝΝοΤΑΤιο
737 438 839 501 (14)
874 457 973 502 pag.
1018 444 1123 490 205.

165 579 388 624 Nescimus
413 597 466 626 ειη
485 579 558 626 hic
585 579 777 639 designet
801 581 1059 644 Apringium
1078 581 1269 641 judicem
1290 581 1468 629 fratrem

98 652 371 706 Marcellini,
407 669 454 696 ex
492 651 686 715 Epistola
729 654 829 709 134.
860 672 902 698 n.
939 672 980 701 2.
1019 665 1061 700 et
1095 656 1396 718 proconsulem
1418 657 1463 701 in

97 726 243 772 Africa
271 726 444 772 circiter
477 726 564 772 hoc
598 737 794 789 tem-pus,
823 728 886 772 uti·
924 745 971 774 ex
1005 728 1203 791 Epistola
1227 730 1302 776 33.
1337 747 1380 776 n.
1410 731 1454 776 3.

93 799 401 858 intelligimus:
428 799 504 861 qui
536 799 664 844 etiam
694 800 932 846 Donatistis
953 837 963 856 ,
992 800 1112 864 quod
1136 800 1191 847 de
1214 801 1266 847 iis
1283 811 1463 865 propter

92 871 250 920 scelera
271 872 542 936 supplicium
561 873 828 936 sumpsisset,
854 890 1000 919 exosus
1021 884 1125 922 erat.

495 1037 754 1069 ANNorArio
795 1022 895 1085 (15)
931 1023 1041 1070 ibid.

153 1165 385 1221 Quadrant
407 1164 505 1210 haec
528 1181 740 1228 perquam
764 1165 928 1225 egregie
948 1165 995 1211 in
1027 1166 1328 1214 Marcellinum
1352 1170 1456 1215 Tri-

84 1238 257 1284 bunum
281 1249 322 1284 et
361 1238 617 1294 Notarium,
653 1238 829 1284 missum
854 1238 911 1283 ab
934 1239 1130 1286 Honorio
1151 1239 1197 1285 in
1224 1240 1418 1288 Africam
1439 1280 1451 1300 ‚

84 1322 133 1358 ut
144 1322 358 1375 sequester
368 1322 473 1357 esset
491 1311 732 1357 collationis
741 1311 852 1357 inter
863 1311 1114 1358 catholicos
1123 1323 1164 1357 et
1176 1313 1418 1360 Donatistas
1437 1333 1447 1360 :

82 1402 169 1449 qua
188 1386 234 1431 in
260 1402 387 1431 causa
407 1402 492 1430 sese
511 1395 677 1430 strenue
700 1384 825 1443 gessit
843 1420 856 1440 ,
881 1394 1012 1447 atque
1028 1385 1196 1432 idcirco
1225 1386 1361 1450 ipsius
1385 1389 1450 1433 in-

83 1458 371 1514 terfectorem,
391 1457 630 1504 Ecclesiam
652 1457 696 1503 in
715 1474 763 1502 eo
788 1457 968 1503 maxime
982 1469 1257 1521 persecutum
1281 1476 1369 1506 esse
1381 1460 1446 1506 di-

79 1533 140 1580 cit
164 1531 429 1592 Augustinus
451 1547 582 1594 supra
605 1548 648 1576 n.
684 1531 727 1586 4.

432 1705 691 1737 ANNOTATIO
727 1690 829 1752 (16)
862 1705 961 1752 pag.
1005 1691 1111 1736 226.

137 1832 298 1878 Isthaec
317 1832 525 1878 sententia
548 1832 709 1899 scripta
730 1842 791 1877 est
810 1832 929 1895 apud
952 1833 1090 1880 LXX.
1123 1835 1332 1882 Proverb.
1372 1851 1442 1903 17.

70 1916 169 1969 post
198 1922 368 1951 versum
402 1907 442 1952 6.
489 1906 736 1968 citaturque
775 1905 831 1950 ab
879 1906 1118 1965 Augustino
1156 1907 1341 1970 passim,
1385 1909 1441 1954 ab

71 1971 339 2033 Hieronymo
365 1971 409 2015 in
444 1970 582 2033 Epist.
625 1971 726 2016 103.
762 1968 816 2015 ad
847 1970 1075 2016 Paulinum
1097 2007 1108 2027 ,
1137 1981 1179 2016 et
1202 1971 1247 2016 in
1275 1972 1433 2020 Ezech.

70 2047 146 2102 45.
174 2044 471 2090 etaCa-ssiano
495 2043 640 2090 collat.
671 2045 745 2100 24.
772 2060 810 2090 c.
842 2044 915 2091 26.
947 2043 1202 2090 aBernardo
1216 2044 1261 2090 in
1281 2049 1324 2091 S.
1353 2047 1442 2091 Ma-

66 2117 230 2164 lachiae*
251 2118 361 2175 vita,
392 2128 474 2163 etc.

422 2279 679 2311 ANNOTATIO
719 2264 756 2327 (ι
773 2264 819 2328 7)
855 2280 953 2326 pag.
997 2265 1104 2320 242.

125 2414 179 2460 ln
195 2412 276 2460 MS
306 2413 579 2460 Cisterciensi
598 2450 608 2469 ,
633 2429 803 2459 necnon
826 2410 940 2457 infra
961 2411 1006 2457 in
1034 2411 1258 2458 Vic'torino
1278 2413 1439 2461 scribi—

61 2504 161 2545 sur,
189 2487 399 2533 Hilarus.
438 2486 664 2533 Nescimus
690 2503 743 2531 an
768 2484 839 2531 ille
867 2485 958 2548 ipse
990 2484 1045 2529 sit
1062 2521 1072 2539 ‚
1096 2485 1173 2547 qui
1192 2494 1339 2548 postea
1364 2488 1438 2532 ad-

59 2576 209 2613 versus
247 2558 612 2623 Semipelagianos
653 2557 895 2623 Epi'stolam
943 2556 1018 2606 hjc
1061 2558 1152 2604 226
1195 2557 1436 2619 Augustino
