<?xml version="1.0" encoding="UTF-8"?>
<!DOCTYPE html PUBLIC "-//W3C//DTD XHTML 1.0 Transitional//EN"
    "http://www.w3.org/TR/xhtml1/DTD/xhtml1-transitional.dtd">
<html xmlns="http://www.w3.org/1999/xhtml" xml:lang="en" lang="en">
 <head>
  <title>
</title>
<meta http-equiv="Content-Type" content="text/html;charset=utf-8" />
  <meta name='ocr-system' content='tesseract 3.04.00' />
  <meta name='ocr-capabilities' content='ocr_page ocr_carea ocr_par ocr_line ocrx_word'/>
</head>
<body>
  <div class='ocr_page' id='page_1' title='image "./operaomniaaccura40auguuoft/operaomniaaccura40auguuoft_0123.png"; bbox 0 0 1799 3251; ppageno 0'>
   <div class='ocr_carea' id='block_1_1' title="bbox 519 243 1413 293">
    <p class='ocr_par' dir='ltr' id='par_1_1' title="bbox 519 243 1413 293">
     <span class='ocr_line' id='line_1_1' title="bbox 519 243 1413 293; baseline 0.004 -5"><span class='ocrx_word' id='word_1_1' title='bbox 519 254 730 289; x_wconf 65' lang='lat' dir='ltr'><strong>ErisrotA</strong></span> <span class='ocrx_word' id='word_1_2' title='bbox 766 256 927 288; x_wconf 67' lang='lat' dir='ltr'><strong>cxrvn.</strong></span> <span class='ocrx_word' id='word_1_3' title='bbox 1328 254 1339 291; x_wconf 86' lang='lat'>1</span> <span class='ocrx_word' id='word_1_4' title='bbox 1362 243 1413 293; x_wconf 82' lang='grc'><strong>13</strong></span> 
     </span>
    </p>
   </div>
   <div class='ocr_carea' id='block_1_2' title="bbox 45 321 1433 2693">
    <p class='ocr_par' dir='ltr' id='par_1_2' title="bbox 45 321 1432 1495">
     <span class='ocr_line' id='line_1_2' title="bbox 46 321 1413 385; baseline -0.001 -13"><span class='ocrx_word' id='word_1_5' title='bbox 46 325 172 372; x_wconf 79' lang='lat' dir='ltr'>ritate</span> <span class='ocrx_word' id='word_1_6' title='bbox 190 362 199 380; x_wconf 83' lang='lat'><strong><em>‚</em></strong></span> <span class='ocrx_word' id='word_1_7' title='bbox 223 325 335 371; x_wconf 86' lang='lat' dir='ltr'><strong>sicut</strong></span> <span class='ocrx_word' id='word_1_8' title='bbox 353 322 492 370; x_wconf 79' lang='lat' dir='ltr'><strong>Adam</strong></span> <span class='ocrx_word' id='word_1_9' title='bbox 514 322 642 368; x_wconf 87' lang='lat' dir='ltr'><strong>fuisse</strong></span> <span class='ocrx_word' id='word_1_10' title='bbox 660 321 853 385; x_wconf 86' lang='lat' dir='ltr'><strong>primum</strong></span> <span class='ocrx_word' id='word_1_11' title='bbox 873 321 1121 379; x_wconf 85' lang='lat' dir='ltr'><strong>hominem,</strong></span> <span class='ocrx_word' id='word_1_12' title='bbox 1147 333 1222 368; x_wconf 81' lang='lat' dir='ltr'><strong>aut</strong></span> <span class='ocrx_word' id='word_1_13' title='bbox 1254 324 1413 371; x_wconf 82' lang='lat' dir='ltr'><strong>Chris-</strong></span> 
     </span>
     <span class='ocr_line' id='line_1_3' title="bbox 46 392 1413 455; baseline 0 -14"><span class='ocrx_word' id='word_1_14' title='bbox 46 406 137 441; x_wconf 85' lang='lat' dir='ltr'><strong>tum</strong></span> <span class='ocrx_word' id='word_1_15' title='bbox 162 397 206 441; x_wconf 89' lang='lat' dir='ltr'><strong>in</strong></span> <span class='ocrx_word' id='word_1_16' title='bbox 229 411 358 441; x_wconf 86' lang='lat' dir='ltr'><strong>carne</strong></span> <span class='ocrx_word' id='word_1_17' title='bbox 383 403 533 439; x_wconf 90' lang='lat' dir='ltr'><strong>natum</strong></span> <span class='ocrx_word' id='word_1_18' title='bbox 562 409 826 455; x_wconf 83' lang='lat' dir='ltr'><strong>passumque</strong></span> <span class='ocrx_word' id='word_1_19' title='bbox 852 392 1123 437; x_wconf 69' lang='lat' dir='ltr'><strong>resurrexisse</strong></span> <span class='ocrx_word' id='word_1_20' title='bbox 1148 392 1413 449; x_wconf 81' lang='lat' dir='ltr'><strong>didicimus3</strong></span> 
     </span>
     <span class='ocr_line' id='line_1_4' title="bbox 45 463 1419 526; baseline -0.001 -14"><span class='ocrx_word' id='word_1_21' title='bbox 45 466 118 512; x_wconf 83' lang='lat' dir='ltr'><strong>sed</strong></span> <span class='ocrx_word' id='word_1_22' title='bbox 144 465 235 512; x_wconf 86' lang='lat' dir='ltr'><strong>aliis</strong></span> <span class='ocrx_word' id='word_1_23' title='bbox 255 465 539 511; x_wconf 75' lang='lat' dir='ltr'><strong>referentibus</strong></span> <span class='ocrx_word' id='word_1_24' title='bbox 558 501 567 518; x_wconf 87' lang='lat'>‚</span> <span class='ocrx_word' id='word_1_25' title='bbox 586 463 639 508; x_wconf 90' lang='lat' dir='ltr'><strong>de</strong></span> <span class='ocrx_word' id='word_1_26' title='bbox 663 479 849 526; x_wconf 87' lang='lat' dir='ltr'><strong>quorum</strong></span> <span class='ocrx_word' id='word_1_27' title='bbox 871 463 1113 510; x_wconf 87' lang='lat' dir='ltr'><strong>testimonio</strong></span> <span class='ocrx_word' id='word_1_28' title='bbox 1133 463 1176 507; x_wconf 88' lang='lat' dir='ltr'><strong>in</strong></span> <span class='ocrx_word' id='word_1_29' title='bbox 1192 463 1277 509; x_wconf 88' lang='lat' dir='ltr'><strong>hoc</strong></span> <span class='ocrx_word' id='word_1_30' title='bbox 1301 464 1419 510; x_wconf 87' lang='lat' dir='ltr'><strong>dun-</strong></span> 
     </span>
     <span class='ocr_line' id='line_1_5' title="bbox 48 532 1413 597; baseline -0.001 -14"><span class='ocrx_word' id='word_1_31' title='bbox 48 547 161 583; x_wconf 87' lang='lat' dir='ltr'><strong>taxat</strong></span> <span class='ocrx_word' id='word_1_32' title='bbox 191 554 333 582; x_wconf 88' lang='lat' dir='ltr'><strong>rerum</strong></span> <span class='ocrx_word' id='word_1_33' title='bbox 362 552 512 595; x_wconf 82' lang='lat' dir='ltr'><strong>genere</strong></span> <span class='ocrx_word' id='word_1_34' title='bbox 531 534 708 579; x_wconf 88' lang='lat' dir='ltr'><strong>minime</strong></span> <span class='ocrx_word' id='word_1_35' title='bbox 727 532 1020 579; x_wconf 80' lang='lat' dir='ltr'><strong>dubitandum</strong></span> <span class='ocrx_word' id='word_1_36' title='bbox 1043 551 1129 579; x_wconf 90' lang='lat' dir='ltr'><strong>esse</strong></span> <span class='ocrx_word' id='word_1_37' title='bbox 1147 534 1413 597; x_wconf 77' lang='lat' dir='ltr'><strong>putavimus,</strong></span> 
     </span>
     <span class='ocr_line' id='line_1_6' title="bbox 48 603 1419 670; baseline -0.001 -18"><span class='ocrx_word' id='word_1_38' title='bbox 48 608 99 652; x_wconf 89' lang='lat' dir='ltr'><strong>In</strong></span> <span class='ocrx_word' id='word_1_39' title='bbox 114 607 274 670; x_wconf 86' lang='lat' dir='ltr'><strong>quibus</strong></span> <span class='ocrx_word' id='word_1_40' title='bbox 300 606 333 651; x_wconf 94' lang='lat' dir='ltr'><strong>si</strong></span> <span class='ocrx_word' id='word_1_41' title='bbox 359 605 518 651; x_wconf 88' lang='lat' dir='ltr'><strong>alicubi</strong></span> <span class='ocrx_word' id='word_1_42' title='bbox 540 604 733 650; x_wconf 83' lang='lat' dir='ltr'><strong>fallimur</strong></span> <span class='ocrx_word' id='word_1_43' title='bbox 752 641 762 655; x_wconf 82' lang='lat'>,</span> <span class='ocrx_word' id='word_1_44' title='bbox 791 603 1008 649; x_wconf 87' lang='lat' dir='ltr'><strong>credendo</strong></span> <span class='ocrx_word' id='word_1_45' title='bbox 1030 604 1096 649; x_wconf 80' lang='lat' dir='ltr'><strong>vel</strong></span> <span class='ocrx_word' id='word_1_46' title='bbox 1116 605 1175 649; x_wconf 77' lang='lat' dir='ltr'><strong>ita</strong></span> <span class='ocrx_word' id='word_1_47' title='bbox 1196 622 1281 650; x_wconf 91' lang='lat' dir='ltr'><strong>esse</strong></span> <span class='ocrx_word' id='word_1_48' title='bbox 1299 605 1419 668; x_wconf 88' lang='lat' dir='ltr'><strong>quod</strong></span> 
     </span>
     <span class='ocr_line' id='line_1_7' title="bbox 48 673 1423 737; baseline -0.001 -15"><span class='ocrx_word' id='word_1_49' title='bbox 48 694 134 722; x_wconf 89' lang='lat' dir='ltr'><strong>non</strong></span> <span class='ocrx_word' id='word_1_50' title='bbox 157 678 213 722; x_wconf 81' lang='lat' dir='ltr'><strong>ita</strong></span> <span class='ocrx_word' id='word_1_51' title='bbox 235 687 296 722; x_wconf 89' lang='lat' dir='ltr'><strong>est</strong></span> <span class='ocrx_word' id='word_1_52' title='bbox 314 713 324 732; x_wconf 82' lang='grc'>,</span> <span class='ocrx_word' id='word_1_53' title='bbox 353 675 420 722; x_wconf 72' lang='lat' dir='ltr'><strong>vel</strong></span> <span class='ocrx_word' id='word_1_54' title='bbox 445 692 532 720; x_wconf 89' lang='lat' dir='ltr'><strong>non</strong></span> <span class='ocrx_word' id='word_1_55' title='bbox 558 674 615 719; x_wconf 84' lang='lat' dir='ltr'><strong>ita</strong></span> <span class='ocrx_word' id='word_1_56' title='bbox 641 691 726 719; x_wconf 87' lang='lat' dir='ltr'><strong>esse</strong></span> <span class='ocrx_word' id='word_1_57' title='bbox 749 673 867 737; x_wconf 78' lang='lat' dir='ltr'><strong>quod</strong></span> <span class='ocrx_word' id='word_1_58' title='bbox 888 673 947 719; x_wconf 86' lang='lat' dir='ltr'><strong>ita</strong></span> <span class='ocrx_word' id='word_1_59' title='bbox 971 684 1060 728; x_wconf 81' lang='lat' dir='ltr'><strong>est,</strong></span> <span class='ocrx_word' id='word_1_60' title='bbox 1099 673 1210 719; x_wconf 81' lang='lat' dir='ltr'>nihil</span> <span class='ocrx_word' id='word_1_61' title='bbox 1238 675 1423 736; x_wconf 85' lang='lat' dir='ltr'><strong>periculi</strong></span> 
     </span>
     <span class='ocr_line' id='line_1_8' title="bbox 47 743 1422 808; baseline -0.001 -16"><span class='ocrx_word' id='word_1_62' title='bbox 47 764 133 792; x_wconf 87' lang='lat' dir='ltr'><strong>esse</strong></span> <span class='ocrx_word' id='word_1_63' title='bbox 150 746 419 806; x_wconf 84' lang='lat' dir='ltr'><strong>judicamus,</strong></span> <span class='ocrx_word' id='word_1_64' title='bbox 442 746 473 790; x_wconf 92' lang='lat' dir='ltr'><strong>si</strong></span> <span class='ocrx_word' id='word_1_65' title='bbox 493 761 581 790; x_wconf 87' lang='lat' dir='ltr'><strong>non</strong></span> <span class='ocrx_word' id='word_1_66' title='bbox 603 744 655 789; x_wconf 91' lang='lat' dir='ltr'><strong>sit</strong></span> <span class='ocrx_word' id='word_1_67' title='bbox 673 755 825 789; x_wconf 74' lang='lat' dir='ltr'><strong>contra</strong></span> <span class='ocrx_word' id='word_1_68' title='bbox 852 744 967 789; x_wconf 82' lang='lat' dir='ltr'><strong>illam</strong></span> <span class='ocrx_word' id='word_1_69' title='bbox 994 743 1121 789; x_wconf 82' lang='lat' dir='ltr'><strong>sidem</strong></span> <span class='ocrx_word' id='word_1_70' title='bbox 1138 781 1149 798; x_wconf 88' lang='lat'>‚</span> <span class='ocrx_word' id='word_1_71' title='bbox 1174 761 1260 807; x_wconf 87' lang='lat' dir='ltr'><strong>qua</strong></span> <span class='ocrx_word' id='word_1_72' title='bbox 1284 745 1422 808; x_wconf 87' lang='lat' dir='ltr'><strong>pietas</strong></span> 
     </span>
     <span class='ocr_line' id='line_1_9' title="bbox 47 813 1423 878; baseline -0.002 -16"><span class='ocrx_word' id='word_1_73' title='bbox 47 815 320 862; x_wconf 84' lang='lat' dir='ltr'><strong>informatur.</strong></span> <span class='ocrx_word' id='word_1_74' title='bbox 357 816 464 861; x_wconf 80' lang='lat' dir='ltr'><strong>Ilaec</strong></span> <span class='ocrx_word' id='word_1_75' title='bbox 503 814 761 878; x_wconf 58' lang='lat' dir='ltr'><strong>praelocutio</strong></span> <span class='ocrx_word' id='word_1_76' title='bbox 797 831 888 859; x_wconf 88' lang='lat' dir='ltr'><strong>mea</strong></span> <span class='ocrx_word' id='word_1_77' title='bbox 924 813 1119 858; x_wconf 89' lang='lat' dir='ltr'><strong>nondum</strong></span> <span class='ocrx_word' id='word_1_78' title='bbox 1150 815 1423 877; x_wconf 82' lang='lat' dir='ltr'>propositam</span> 
     </span>
     <span class='ocr_line' id='line_1_10' title="bbox 49 884 1423 949; baseline -0.001 -17"><span class='ocrx_word' id='word_1_79' title='bbox 49 886 227 932; x_wconf 82' lang='lat' dir='ltr'><strong>discutit</strong></span> <span class='ocrx_word' id='word_1_80' title='bbox 259 886 541 949; x_wconf 68' lang='lat' dir='ltr'><strong>quaestionem</strong></span> <span class='ocrx_word' id='word_1_81' title='bbox 561 922 571 941; x_wconf 87' lang='grc'>,</span> <span class='ocrx_word' id='word_1_82' title='bbox 604 884 677 931; x_wconf 79' lang='lat' dir='ltr'><strong>sed</strong></span> <span class='ocrx_word' id='word_1_83' title='bbox 713 895 751 929; x_wconf 87' lang='lat' dir='ltr'><strong>te</strong></span> <span class='ocrx_word' id='word_1_84' title='bbox 780 896 908 947; x_wconf 85' lang='lat' dir='ltr'><strong>atque</strong></span> <span class='ocrx_word' id='word_1_85' title='bbox 936 884 1041 929; x_wconf 87' lang='lat' dir='ltr'><strong>alios</strong></span> <span class='ocrx_word' id='word_1_86' title='bbox 1063 885 1138 946; x_wconf 79' lang='lat' dir='ltr'><strong>qui</strong></span> <span class='ocrx_word' id='word_1_87' title='bbox 1165 884 1244 929; x_wconf 84' lang='lat' dir='ltr'><strong>ista</strong></span> <span class='ocrx_word' id='word_1_88' title='bbox 1267 884 1423 930; x_wconf 75' lang='lat' dir='ltr'><strong>lecturi</strong></span> 
     </span>
     <span class='ocr_line' id='line_1_11' title="bbox 49 954 1423 1021; baseline -0.003 -17"><span class='ocrx_word' id='word_1_89' title='bbox 49 968 165 1013; x_wconf 82' lang='lat' dir='ltr'><strong>sunt,</strong></span> <span class='ocrx_word' id='word_1_90' title='bbox 184 957 408 1021; x_wconf 61' lang='lat' dir='ltr'><strong>praestruit</strong></span> <span class='ocrx_word' id='word_1_91' title='bbox 423 956 570 1018; x_wconf 79' lang='lat' dir='ltr'><strong>quales</strong></span> <span class='ocrx_word' id='word_1_92' title='bbox 592 972 662 1001; x_wconf 89' lang='lat' dir='ltr'><strong>seu</strong></span> <span class='ocrx_word' id='word_1_93' title='bbox 674 972 866 1001; x_wconf 88' lang='lat' dir='ltr'><strong>meorum</strong></span> <span class='ocrx_word' id='word_1_94' title='bbox 879 972 949 1001; x_wconf 88' lang='lat' dir='ltr'><strong>seu</strong></span> <span class='ocrx_word' id='word_1_95' title='bbox 966 954 1264 1018; x_wconf 84' lang='lat' dir='ltr'><strong>quorumlibet</strong></span> <span class='ocrx_word' id='word_1_96' title='bbox 1283 955 1423 1018; x_wconf 80' lang='lat' dir='ltr'><strong>scrip-</strong></span> 
     </span>
     <span class='ocr_line' id='line_1_12' title="bbox 46 1021 1426 1088; baseline -0.002 -15"><span class='ocrx_word' id='word_1_97' title='bbox 46 1037 187 1074; x_wconf 89' lang='lat' dir='ltr'><strong>torum</strong></span> <span class='ocrx_word' id='word_1_98' title='bbox 223 1026 393 1087; x_wconf 79' lang='lat' dir='ltr'><strong>judices</strong></span> <span class='ocrx_word' id='word_1_99' title='bbox 425 1043 510 1071; x_wconf 84' lang='lat' dir='ltr'><strong>esse</strong></span> <span class='ocrx_word' id='word_1_100' title='bbox 545 1025 763 1077; x_wconf 80' lang='lat' dir='ltr'><strong>debeatis3</strong></span> <span class='ocrx_word' id='word_1_101' title='bbox 791 1043 841 1071; x_wconf 87' lang='lat' dir='ltr'><strong>ne</strong></span> <span class='ocrx_word' id='word_1_102' title='bbox 868 1025 934 1070; x_wconf 83' lang='lat' dir='ltr'><strong>vel</strong></span> <span class='ocrx_word' id='word_1_103' title='bbox 956 1025 1062 1070; x_wconf 85' lang='lat' dir='ltr'><strong>scire</strong></span> <span class='ocrx_word' id='word_1_104' title='bbox 1083 1042 1157 1070; x_wconf 79' lang='lat' dir='ltr'><strong>vos</strong></span> <span class='ocrx_word' id='word_1_105' title='bbox 1186 1021 1426 1088; x_wconf 83' lang='lat' dir='ltr'><strong>opinemini</strong></span> 
     </span>
     <span class='ocr_line' id='line_1_13' title="bbox 46 1095 1426 1160; baseline -0.001 -18"><span class='ocrx_word' id='word_1_106' title='bbox 46 1097 166 1160; x_wconf 89' lang='lat' dir='ltr'><strong>quod</strong></span> <span class='ocrx_word' id='word_1_107' title='bbox 198 1097 370 1142; x_wconf 86' lang='lat' dir='ltr'><strong>nescitis</strong></span> <span class='ocrx_word' id='word_1_108' title='bbox 390 1134 400 1151; x_wconf 84' lang='lat'>‚</span> <span class='ocrx_word' id='word_1_109' title='bbox 430 1095 497 1142; x_wconf 78' lang='lat' dir='ltr'><strong>vel</strong></span> <span class='ocrx_word' id='word_1_110' title='bbox 532 1108 686 1141; x_wconf 82' lang='lat' dir='ltr'><strong>temere</strong></span> <span class='ocrx_word' id='word_1_111' title='bbox 707 1096 890 1141; x_wconf 78' lang='lat' dir='ltr'><strong>credatis</strong></span> <span class='ocrx_word' id='word_1_112' title='bbox 915 1095 1034 1158; x_wconf 84' lang='lat' dir='ltr'><strong>quod</strong></span> <span class='ocrx_word' id='word_1_113' title='bbox 1061 1112 1198 1159; x_wconf 73' lang='lat' dir='ltr'><strong>neque</strong></span> <span class='ocrx_word' id='word_1_114' title='bbox 1228 1096 1426 1158; x_wconf 81' lang='lat' dir='ltr'><strong>corporis</strong></span> 
     </span>
     <span class='ocr_line' id='line_1_14' title="bbox 48 1166 1428 1229; baseline 0.001 -19"><span class='ocrx_word' id='word_1_115' title='bbox 48 1167 242 1212; x_wconf 76' lang='lat' dir='ltr'><strong>sensibus</strong></span> <span class='ocrx_word' id='word_1_116' title='bbox 264 1177 337 1212; x_wconf 86' lang='lat' dir='ltr'><strong>aut</strong></span> <span class='ocrx_word' id='word_1_117' title='bbox 357 1166 488 1211; x_wconf 85' lang='lat' dir='ltr'><strong>animi</strong></span> <span class='ocrx_word' id='word_1_118' title='bbox 508 1166 709 1211; x_wconf 79' lang='lat' dir='ltr'><strong>contuitu</strong></span> <span class='ocrx_word' id='word_1_119' title='bbox 733 1167 776 1211; x_wconf 92' lang='lat' dir='ltr'><strong>in</strong></span> <span class='ocrx_word' id='word_1_120' title='bbox 799 1166 991 1226; x_wconf 73' lang='lat' dir='ltr'><strong>ejusdem</strong></span> <span class='ocrx_word' id='word_1_121' title='bbox 1019 1166 1092 1214; x_wconf 66' lang='lat' dir='ltr'><strong>rei,</strong></span> <span class='ocrx_word' id='word_1_122' title='bbox 1114 1182 1213 1229; x_wconf 74' lang='lat' dir='ltr'><strong>quae</strong></span> <span class='ocrx_word' id='word_1_123' title='bbox 1241 1183 1428 1226; x_wconf 82' lang='lat' dir='ltr'><strong>cognos-</strong></span> 
     </span>
     <span class='ocr_line' id='line_1_15' title="bbox 50 1234 1430 1299; baseline -0.001 -17"><span class='ocrx_word' id='word_1_124' title='bbox 50 1237 186 1283; x_wconf 88' lang='lat' dir='ltr'><strong>cenda</strong></span> <span class='ocrx_word' id='word_1_125' title='bbox 222 1247 284 1283; x_wconf 87' lang='lat' dir='ltr'><strong>est</strong></span> <span class='ocrx_word' id='word_1_126' title='bbox 301 1274 310 1292; x_wconf 82' lang='grc'><em>,</em></span> <span class='ocrx_word' id='word_1_127' title='bbox 352 1234 567 1282; x_wconf 86' lang='lat' dir='ltr'><strong>evidentia</strong></span> <span class='ocrx_word' id='word_1_128' title='bbox 610 1238 864 1299; x_wconf 69' lang='lat' dir='ltr'><strong>percepistis</strong></span> <span class='ocrx_word' id='word_1_129' title='bbox 883 1273 892 1291; x_wconf 90' lang='lat'>‚</span> <span class='ocrx_word' id='word_1_130' title='bbox 941 1254 1083 1299; x_wconf 82' lang='lat' dir='ltr'><strong>neque</strong></span> <span class='ocrx_word' id='word_1_131' title='bbox 1122 1237 1430 1282; x_wconf 82' lang='lat' dir='ltr'><strong>canonicarum</strong></span> 
     </span>
     <span class='ocr_line' id='line_1_16' title="bbox 48 1306 1432 1370; baseline -0.001 -18"><span class='ocrx_word' id='word_1_132' title='bbox 48 1307 378 1370; x_wconf 68' lang='lat' dir='ltr'><strong>&#39;Scripturarum</strong></span> <span class='ocrx_word' id='word_1_133' title='bbox 407 1307 696 1360; x_wconf 83' lang='lat' dir='ltr'><strong>auctoritate,</strong></span> <span class='ocrx_word' id='word_1_134' title='bbox 733 1308 901 1352; x_wconf 82' lang='lat' dir='ltr'><strong>etiamsi</strong></span> <span class='ocrx_word' id='word_1_135' title='bbox 937 1324 1025 1352; x_wconf 90' lang='lat' dir='ltr'><strong>non</strong></span> <span class='ocrx_word' id='word_1_136' title='bbox 1060 1306 1199 1351; x_wconf 77' lang='lat' dir='ltr'><strong>adfuit</strong></span> <span class='ocrx_word' id='word_1_137' title='bbox 1236 1307 1432 1351; x_wconf 77' lang='lat' dir='ltr'><strong>sensibus</strong></span> 
     </span>
     <span class='ocr_line' id='line_1_17' title="bbox 51 1375 1432 1439; baseline -0.001 -17"><span class='ocrx_word' id='word_1_138' title='bbox 51 1376 118 1423; x_wconf 90' lang='lat' dir='ltr'><strong>vel</strong></span> <span class='ocrx_word' id='word_1_139' title='bbox 139 1378 270 1422; x_wconf 85' lang='lat' dir='ltr'><strong>animi</strong></span> <span class='ocrx_word' id='word_1_140' title='bbox 294 1376 359 1422; x_wconf 86' lang='lat' dir='ltr'><strong>vel</strong></span> <span class='ocrx_word' id='word_1_141' title='bbox 390 1375 585 1439; x_wconf 85' lang='lat' dir='ltr'><strong>corporis</strong></span> <span class='ocrx_word' id='word_1_142' title='bbox 612 1377 738 1422; x_wconf 72' lang='lat' dir='ltr'><strong>vestri</strong></span> <span class='ocrx_word' id='word_1_143' title='bbox 759 1414 769 1432; x_wconf 80' lang='grc'><em>,</em></span> <span class='ocrx_word' id='word_1_144' title='bbox 800 1387 941 1421; x_wconf 82' lang='lat' dir='ltr'><strong>tamen</strong></span> <span class='ocrx_word' id='word_1_145' title='bbox 967 1376 1231 1422; x_wconf 77' lang='lat' dir='ltr'><strong>credendum</strong></span> <span class='ocrx_word' id='word_1_146' title='bbox 1257 1393 1343 1422; x_wconf 87' lang='lat' dir='ltr'><strong>esse</strong></span> <span class='ocrx_word' id='word_1_147' title='bbox 1360 1375 1432 1421; x_wconf 89' lang='lat' dir='ltr'><strong>di-</strong></span> 
     </span>
     <span class='ocr_line' id='line_1_18' title="bbox 55 1447 234 1495; baseline 0.011 -2"><span class='ocrx_word' id='word_1_148' title='bbox 55 1447 234 1495; x_wconf 81' lang='lat' dir='ltr'><strong>dicistis.</strong></span> 
     </span>
    </p>

    <p class='ocr_par' dir='ltr' id='par_1_3' title="bbox 53 1518 1433 2636">
     <span class='ocr_line' id='line_1_19' title="bbox 118 1518 1433 1577; baseline 0.001 -12"><span class='ocrx_word' id='word_1_149' title='bbox 118 1519 191 1565; x_wconf 85' lang='lat' dir='ltr'><strong>Vl.</strong></span> <span class='ocrx_word' id='word_1_150' title='bbox 222 1519 404 1564; x_wconf 84' lang='lat' dir='ltr'><strong>Jam—ne</strong></span> <span class='ocrx_word' id='word_1_151' title='bbox 429 1535 528 1577; x_wconf 85' lang='lat' dir='ltr'><strong>ergo</strong></span> <span class='ocrx_word' id='word_1_152' title='bbox 551 1518 749 1564; x_wconf 78' lang='lat' dir='ltr'><strong>venimus</strong></span> <span class='ocrx_word' id='word_1_153' title='bbox 777 1519 829 1563; x_wconf 88' lang='lat' dir='ltr'><strong>ad</strong></span> <span class='ocrx_word' id='word_1_154' title='bbox 857 1537 902 1564; x_wconf 82' lang='lat' dir='ltr'><strong>ca</strong></span> <span class='ocrx_word' id='word_1_155' title='bbox 914 1536 1028 1563; x_wconf 81' lang='lat' dir='ltr'><strong>usam</strong></span> <span class='ocrx_word' id='word_1_156' title='bbox 1052 1556 1060 1564; x_wconf 92' lang='lat'>.</span> <span class='ocrx_word' id='word_1_157' title='bbox 1088 1537 1140 1563; x_wconf 77' lang='lat' dir='ltr'><strong>an</strong></span> <span class='ocrx_word' id='word_1_158' title='bbox 1167 1519 1315 1565; x_wconf 82' lang='lat' dir='ltr'><strong>adhuc</strong></span> <span class='ocrx_word' id='word_1_159' title='bbox 1337 1520 1433 1566; x_wconf 89' lang='lat' dir='ltr'><strong>lec-</strong></span> 
     </span>
     <span class='ocr_line' id='line_1_20' title="bbox 53 1588 1428 1653; baseline 0.001 -19"><span class='ocrx_word' id='word_1_160' title='bbox 53 1601 175 1634; x_wconf 89' lang='lat' dir='ltr'><strong>turus</strong></span> <span class='ocrx_word' id='word_1_161' title='bbox 194 1588 470 1634; x_wconf 82' lang='lat' dir='ltr'><strong>instruendus</strong></span> <span class='ocrx_word' id='word_1_162' title='bbox 486 1598 547 1633; x_wconf 90' lang='lat' dir='ltr'><strong>est</strong></span> <span class='ocrx_word' id='word_1_163' title='bbox 565 1592 583 1633; x_wconf 59' lang='lat' dir='ltr'><strong>a</strong></span> <span class='ocrx_word' id='word_1_164' title='bbox 604 1588 815 1633; x_wconf 76' lang='lat' dir='ltr'><strong>Nonnulli</strong></span> <span class='ocrx_word' id='word_1_165' title='bbox 833 1589 945 1633; x_wconf 76' lang='lat' dir='ltr'><strong>enim</strong></span> <span class='ocrx_word' id='word_1_166' title='bbox 969 1599 1127 1650; x_wconf 78' lang='lat' dir='ltr'><strong>putant</strong></span> <span class='ocrx_word' id='word_1_167' title='bbox 1147 1590 1289 1651; x_wconf 84' lang='lat' dir='ltr'><strong>ipsum</strong></span> <span class='ocrx_word' id='word_1_168' title='bbox 1307 1591 1428 1653; x_wconf 88' lang='lat' dir='ltr'><strong>quod</strong></span> 
     </span>
     <span class='ocr_line' id='line_1_21' title="bbox 53 1657 1433 1714; baseline 0.001 -10"><span class='ocrx_word' id='word_1_169' title='bbox 53 1658 240 1704; x_wconf 86' lang='lat' dir='ltr'><strong>dicimus</strong></span> <span class='ocrx_word' id='word_1_170' title='bbox 257 1658 428 1704; x_wconf 83' lang='lat' dir='ltr'><strong>credere</strong></span> <span class='ocrx_word' id='word_1_171' title='bbox 446 1695 456 1714; x_wconf 82' lang='lat'><strong><em>,</em></strong></span> <span class='ocrx_word' id='word_1_172' title='bbox 486 1674 586 1703; x_wconf 89' lang='lat' dir='ltr'><strong>cum</strong></span> <span class='ocrx_word' id='word_1_173' title='bbox 610 1675 673 1703; x_wconf 89' lang='lat' dir='ltr'><strong>res</strong></span> <span class='ocrx_word' id='word_1_174' title='bbox 699 1675 795 1704; x_wconf 74' lang='lat' dir='ltr'><strong>vera</strong></span> <span class='ocrx_word' id='word_1_175' title='bbox 824 1657 1042 1713; x_wconf 80' lang='lat' dir='ltr'><strong>creditur,</strong></span> <span class='ocrx_word' id='word_1_176' title='bbox 1072 1659 1156 1703; x_wconf 71' lang='lat' dir='ltr'><strong>lioc</strong></span> <span class='ocrx_word' id='word_1_177' title='bbox 1181 1659 1318 1705; x_wconf 87' lang='lat' dir='ltr'><strong>solum</strong></span> <span class='ocrx_word' id='word_1_178' title='bbox 1346 1677 1433 1705; x_wconf 89' lang='lat' dir='ltr'><strong>esse</strong></span> 
     </span>
     <span class='ocr_line' id='line_1_22' title="bbox 53 1727 1427 1793; baseline 0 -19"><span class='ocrx_word' id='word_1_179' title='bbox 53 1740 197 1774; x_wconf 87' lang='lat' dir='ltr'><strong>mente</strong></span> <span class='ocrx_word' id='word_1_180' title='bbox 217 1729 428 1775; x_wconf 88' lang='lat' dir='ltr'><strong>contueri.</strong></span> <span class='ocrx_word' id='word_1_181' title='bbox 456 1727 588 1785; x_wconf 85' lang='lat' dir='ltr'><strong>Quod</strong></span> <span class='ocrx_word' id='word_1_182' title='bbox 607 1729 640 1773; x_wconf 88' lang='lat' dir='ltr'><strong>si</strong></span> <span class='ocrx_word' id='word_1_183' title='bbox 666 1729 724 1774; x_wconf 84' lang='lat' dir='ltr'><strong>ita</strong></span> <span class='ocrx_word' id='word_1_184' title='bbox 743 1739 804 1774; x_wconf 87' lang='lat' dir='ltr'><strong>est</strong></span> <span class='ocrx_word' id='word_1_185' title='bbox 830 1729 996 1774; x_wconf 80' lang='lat' dir='ltr'><strong>fallitur</strong></span> <span class='ocrx_word' id='word_1_186' title='bbox 1028 1729 1104 1774; x_wconf 86' lang='lat' dir='ltr'><strong>ista</strong></span> <span class='ocrx_word' id='word_1_187' title='bbox 1134 1739 1278 1774; x_wconf 80' lang='lat' dir='ltr'><strong>nostra</strong></span> <span class='ocrx_word' id='word_1_188' title='bbox 1300 1746 1427 1793; x_wconf 88' lang='lat' dir='ltr'><strong>supe-</strong></span> 
     </span>
     <span class='ocr_line' id='line_1_23' title="bbox 55 1798 1427 1863; baseline 0.001 -19"><span class='ocrx_word' id='word_1_189' title='bbox 55 1801 142 1845; x_wconf 87' lang='lat' dir='ltr'><strong>rior</strong></span> <span class='ocrx_word' id='word_1_190' title='bbox 176 1799 437 1863; x_wconf 82' lang='lat' dir='ltr'><strong>praelocutio</strong></span> <span class='ocrx_word' id='word_1_191' title='bbox 462 1835 472 1854; x_wconf 84' lang='grc'>,</span> <span class='ocrx_word' id='word_1_192' title='bbox 500 1799 543 1843; x_wconf 88' lang='lat' dir='ltr'><strong>in</strong></span> <span class='ocrx_word' id='word_1_193' title='bbox 576 1815 663 1862; x_wconf 84' lang='lat' dir='ltr'><strong>qua</strong></span> <span class='ocrx_word' id='word_1_194' title='bbox 686 1798 957 1845; x_wconf 73' lang='lat' dir='ltr'><strong>distinximus</strong></span> <span class='ocrx_word' id='word_1_195' title='bbox 990 1799 1110 1844; x_wconf 83' lang='lat' dir='ltr'><strong>aliud</strong></span> <span class='ocrx_word' id='word_1_196' title='bbox 1140 1815 1225 1844; x_wconf 86' lang='lat' dir='ltr'><strong>esse</strong></span> <span class='ocrx_word' id='word_1_197' title='bbox 1259 1799 1427 1863; x_wconf 87' lang='lat' dir='ltr'><strong>aliquid</strong></span> 
     </span>
     <span class='ocr_line' id='line_1_24' title="bbox 54 1870 1430 1933; baseline 0.001 -18"><span class='ocrx_word' id='word_1_198' title='bbox 54 1870 211 1916; x_wconf 84' lang='lat' dir='ltr'><strong>sentire</strong></span> <span class='ocrx_word' id='word_1_199' title='bbox 235 1887 313 1933; x_wconf 85' lang='lat' dir='ltr'><strong>per</strong></span> <span class='ocrx_word' id='word_1_200' title='bbox 337 1887 514 1932; x_wconf 75' lang='lat' dir='ltr'><strong>corpus,</strong></span> <span class='ocrx_word' id='word_1_201' title='bbox 543 1870 655 1915; x_wconf 88' lang='lat' dir='ltr'><strong>sicut</strong></span> <span class='ocrx_word' id='word_1_202' title='bbox 677 1870 722 1915; x_wconf 91' lang='lat' dir='ltr'><strong>in</strong></span> <span class='ocrx_word' id='word_1_203' title='bbox 740 1870 853 1916; x_wconf 74' lang='lat' dir='ltr'><strong>coelo</strong></span> <span class='ocrx_word' id='word_1_204' title='bbox 876 1870 1026 1926; x_wconf 81' lang='lat' dir='ltr'><strong>solem,</strong></span> <span class='ocrx_word' id='word_1_205' title='bbox 1046 1880 1086 1916; x_wconf 86' lang='lat' dir='ltr'><strong>et</strong></span> <span class='ocrx_word' id='word_1_206' title='bbox 1105 1871 1147 1915; x_wconf 87' lang='lat' dir='ltr'><strong>in</strong></span> <span class='ocrx_word' id='word_1_207' title='bbox 1177 1881 1287 1915; x_wconf 84' lang='lat' dir='ltr'><strong>terra</strong></span> <span class='ocrx_word' id='word_1_208' title='bbox 1309 1889 1430 1917; x_wconf 88' lang='lat' dir='ltr'><strong>mon-</strong></span> 
     </span>
     <span class='ocr_line' id='line_1_25' title="bbox 58 1939 1428 2003; baseline 0.001 -18"><span class='ocrx_word' id='word_1_209' title='bbox 58 1952 161 1994; x_wconf 80' lang='lat' dir='ltr'><strong>tem,</strong></span> <span class='ocrx_word' id='word_1_210' title='bbox 190 1940 388 1986; x_wconf 84' lang='lat' dir='ltr'><strong>arborem</strong></span> <span class='ocrx_word' id='word_1_211' title='bbox 409 1976 419 1994; x_wconf 83' lang='lat'>‚</span> <span class='ocrx_word' id='word_1_212' title='bbox 448 1956 658 2002; x_wconf 73' lang='lat' dir='ltr'><strong>corpusve</strong></span> <span class='ocrx_word' id='word_1_213' title='bbox 680 1939 934 2003; x_wconf 79' lang='lat' dir='ltr'><strong>quodlibet3</strong></span> <span class='ocrx_word' id='word_1_214' title='bbox 970 1951 1011 1985; x_wconf 91' lang='lat' dir='ltr'><strong>et</strong></span> <span class='ocrx_word' id='word_1_215' title='bbox 1035 1940 1155 1985; x_wconf 86' lang='lat' dir='ltr'><strong>aliud</strong></span> <span class='ocrx_word' id='word_1_216' title='bbox 1179 1941 1332 1986; x_wconf 87' lang='lat' dir='ltr'><strong>mentis</strong></span> <span class='ocrx_word' id='word_1_217' title='bbox 1358 1942 1428 1987; x_wconf 89' lang='lat' dir='ltr'><strong>in-</strong></span> 
     </span>
     <span class='ocr_line' id='line_1_26' title="bbox 56 2010 1427 2065; baseline 0.001 -9"><span class='ocrx_word' id='word_1_218' title='bbox 56 2011 167 2057; x_wconf 88' lang='lat' dir='ltr'><strong>tuitu</strong></span> <span class='ocrx_word' id='word_1_219' title='bbox 191 2028 279 2057; x_wconf 87' lang='lat' dir='ltr'><strong>rem</strong></span> <span class='ocrx_word' id='word_1_220' title='bbox 304 2010 588 2056; x_wconf 85' lang='lat' dir='ltr'><strong>nihilominus</strong></span> <span class='ocrx_word' id='word_1_221' title='bbox 612 2010 851 2057; x_wconf 70' lang='lat' dir='ltr'><strong>evidentem</strong></span> <span class='ocrx_word' id='word_1_222' title='bbox 869 2048 878 2065; x_wconf 85' lang='lat'><em>‚</em></span> <span class='ocrx_word' id='word_1_223' title='bbox 907 2011 1020 2056; x_wconf 90' lang='lat' dir='ltr'><strong>sicut</strong></span> <span class='ocrx_word' id='word_1_224' title='bbox 1062 2022 1206 2056; x_wconf 80' lang='lat' dir='ltr'><strong>nostra</strong></span> <span class='ocrx_word' id='word_1_225' title='bbox 1230 2011 1427 2057; x_wconf 79' lang='lat' dir='ltr'><strong>voluntas</strong></span> 
     </span>
     <span class='ocr_line' id='line_1_27' title="bbox 56 2079 1429 2144; baseline 0 -17"><span class='ocrx_word' id='word_1_226' title='bbox 56 2099 76 2126; x_wconf 84' lang='lat' dir='ltr'><strong>a</strong></span> <span class='ocrx_word' id='word_1_227' title='bbox 99 2081 420 2144; x_wconf 88' lang='lat' dir='ltr'><strong>nobismetipsis</strong></span> <span class='ocrx_word' id='word_1_228' title='bbox 443 2080 559 2126; x_wconf 87' lang='lat' dir='ltr'><strong>intus</strong></span> <span class='ocrx_word' id='word_1_229' title='bbox 579 2082 788 2142; x_wconf 76' lang='lat' dir='ltr'><strong>aspicitur</strong></span> <span class='ocrx_word' id='word_1_230' title='bbox 804 2098 905 2127; x_wconf 90' lang='lat' dir='ltr'><strong>cum</strong></span> <span class='ocrx_word' id='word_1_231' title='bbox 925 2079 1089 2144; x_wconf 81' lang='lat' dir='ltr'><strong>aliquid</strong></span> <span class='ocrx_word' id='word_1_232' title='bbox 1112 2080 1310 2128; x_wconf 76' lang='lat' dir='ltr'><strong>volumus</strong></span> <span class='ocrx_word' id='word_1_233' title='bbox 1328 2119 1338 2135; x_wconf 81' lang='grc'><em>,</em></span> <span class='ocrx_word' id='word_1_234' title='bbox 1363 2082 1429 2127; x_wconf 70' lang='lat' dir='ltr'><strong>vel</strong></span> 
     </span>
     <span class='ocr_line' id='line_1_28' title="bbox 55 2150 1427 2211; baseline 0 -14"><span class='ocrx_word' id='word_1_235' title='bbox 55 2152 258 2211; x_wconf 82' lang='lat' dir='ltr'><strong>cogitatio</strong></span> <span class='ocrx_word' id='word_1_236' title='bbox 283 2168 382 2196; x_wconf 90' lang='lat' dir='ltr'><strong>cum</strong></span> <span class='ocrx_word' id='word_1_237' title='bbox 405 2151 661 2210; x_wconf 71' lang='lat' dir='ltr'><strong>cogitamus,</strong></span> <span class='ocrx_word' id='word_1_238' title='bbox 690 2151 754 2196; x_wconf 76' lang='lat' dir='ltr'><strong>vel</strong></span> <span class='ocrx_word' id='word_1_239' title='bbox 776 2151 978 2196; x_wconf 83' lang='lat' dir='ltr'><strong>memoria</strong></span> <span class='ocrx_word' id='word_1_240' title='bbox 1004 2150 1109 2196; x_wconf 86' lang='lat' dir='ltr'><strong>dum</strong></span> <span class='ocrx_word' id='word_1_241' title='bbox 1134 2150 1427 2207; x_wconf 86' lang='lat' dir='ltr'><strong>recordamur,</strong></span> 
     </span>
     <span class='ocr_line' id='line_1_29' title="bbox 56 2220 1423 2285; baseline -0.001 -18"><span class='ocrx_word' id='word_1_242' title='bbox 56 2221 123 2267; x_wconf 85' lang='lat' dir='ltr'><strong>vel</strong></span> <span class='ocrx_word' id='word_1_243' title='bbox 145 2221 226 2267; x_wconf 86' lang='lat' dir='ltr'><strong>tale</strong></span> <span class='ocrx_word' id='word_1_244' title='bbox 250 2221 412 2283; x_wconf 81' lang='lat' dir='ltr'><strong>aliquid</strong></span> <span class='ocrx_word' id='word_1_245' title='bbox 436 2221 478 2265; x_wconf 85' lang='lat' dir='ltr'><strong>in</strong></span> <span class='ocrx_word' id='word_1_246' title='bbox 503 2221 649 2268; x_wconf 77' lang='lat' dir='ltr'><strong>animo</strong></span> <span class='ocrx_word' id='word_1_247' title='bbox 670 2221 758 2266; x_wconf 87' lang='lat' dir='ltr'><strong>sine</strong></span> <span class='ocrx_word' id='word_1_248' title='bbox 775 2239 985 2285; x_wconf 82' lang='lat' dir='ltr'><strong>corpore:</strong></span> <span class='ocrx_word' id='word_1_249' title='bbox 1011 2220 1133 2266; x_wconf 78' lang='lat' dir='ltr'><strong>aliud</strong></span> <span class='ocrx_word' id='word_1_250' title='bbox 1156 2231 1298 2266; x_wconf 88' lang='lat' dir='ltr'><strong>autem</strong></span> <span class='ocrx_word' id='word_1_251' title='bbox 1325 2238 1423 2267; x_wconf 88' lang='lat' dir='ltr'><strong>cre-</strong></span> 
     </span>
     <span class='ocr_line' id='line_1_30' title="bbox 56 2291 1424 2355; baseline 0.001 -18"><span class='ocrx_word' id='word_1_252' title='bbox 56 2291 155 2337; x_wconf 89' lang='lat' dir='ltr'><strong>dere</strong></span> <span class='ocrx_word' id='word_1_253' title='bbox 178 2291 297 2355; x_wconf 86' lang='lat' dir='ltr'><strong>quod</strong></span> <span class='ocrx_word' id='word_1_254' title='bbox 321 2292 364 2336; x_wconf 91' lang='lat' dir='ltr'><strong>in</strong></span> <span class='ocrx_word' id='word_1_255' title='bbox 391 2291 585 2353; x_wconf 82' lang='lat' dir='ltr'><strong>corporis</strong></span> <span class='ocrx_word' id='word_1_256' title='bbox 612 2292 817 2337; x_wconf 82' lang='lat' dir='ltr'><strong>mentisve</strong></span> <span class='ocrx_word' id='word_1_257' title='bbox 840 2301 1076 2355; x_wconf 83' lang='lat' dir='ltr'><strong>conspectu</strong></span> <span class='ocrx_word' id='word_1_258' title='bbox 1104 2308 1182 2336; x_wconf 91' lang='lat' dir='ltr'><strong>nec</strong></span> <span class='ocrx_word' id='word_1_259' title='bbox 1207 2291 1326 2337; x_wconf 87' lang='lat' dir='ltr'><strong>adest</strong></span> <span class='ocrx_word' id='word_1_260' title='bbox 1345 2309 1424 2338; x_wconf 88' lang='lat' dir='ltr'><strong>nec</strong></span> 
     </span>
     <span class='ocr_line' id='line_1_31' title="bbox 58 2361 1416 2426; baseline 0 -18"><span class='ocrx_word' id='word_1_261' title='bbox 58 2361 242 2408; x_wconf 86' lang='lat' dir='ltr'><strong>adfuisse</strong></span> <span class='ocrx_word' id='word_1_262' title='bbox 260 2361 487 2418; x_wconf 80' lang='lat' dir='ltr'><strong>recolitur3</strong></span> <span class='ocrx_word' id='word_1_263' title='bbox 512 2362 623 2407; x_wconf 70' lang='lat' dir='ltr'><strong>sicut</strong></span> <span class='ocrx_word' id='word_1_264' title='bbox 646 2361 734 2408; x_wconf 87' lang='lat' dir='ltr'><strong>sine</strong></span> <span class='ocrx_word' id='word_1_265' title='bbox 753 2363 1008 2426; x_wconf 85' lang='lat' dir='ltr'><strong>parentibus</strong></span> <span class='ocrx_word' id='word_1_266' title='bbox 1026 2372 1219 2407; x_wconf 85' lang='lat' dir='ltr'><strong>creatum</strong></span> <span class='ocrx_word' id='word_1_267' title='bbox 1247 2361 1385 2408; x_wconf 87' lang='lat' dir='ltr'><strong>Adam</strong></span> <span class='ocrx_word' id='word_1_268' title='bbox 1406 2400 1416 2419; x_wconf 89' lang='lat'>‚</span> 
     </span>
     <span class='ocr_line' id='line_1_32' title="bbox 56 2431 1418 2495; baseline 0.001 -18"><span class='ocrx_word' id='word_1_269' title='bbox 56 2442 98 2477; x_wconf 90' lang='lat' dir='ltr'><strong>et</strong></span> <span class='ocrx_word' id='word_1_270' title='bbox 118 2443 266 2477; x_wconf 84' lang='lat' dir='ltr'><strong>natum</strong></span> <span class='ocrx_word' id='word_1_271' title='bbox 299 2448 344 2477; x_wconf 83' lang='lat' dir='ltr'><strong>ex</strong></span> <span class='ocrx_word' id='word_1_272' title='bbox 382 2431 546 2490; x_wconf 80' lang='lat' dir='ltr'><strong>virgine</strong></span> <span class='ocrx_word' id='word_1_273' title='bbox 580 2448 841 2495; x_wconf 85' lang='lat' dir='ltr'><strong>passumque</strong></span> <span class='ocrx_word' id='word_1_274' title='bbox 869 2432 1139 2478; x_wconf 83' lang='lat' dir='ltr'><strong>resurrexisse</strong></span> <span class='ocrx_word' id='word_1_275' title='bbox 1175 2431 1418 2478; x_wconf 86' lang='lat' dir='ltr'><strong>Christum.</strong></span> 
     </span>
     <span class='ocr_line' id='line_1_33' title="bbox 57 2501 1420 2565; baseline -0.001 -17"><span class='ocrx_word' id='word_1_276' title='bbox 57 2502 167 2548; x_wconf 81' lang='lat' dir='ltr'><strong>Haec</strong></span> <span class='ocrx_word' id='word_1_277' title='bbox 188 2503 302 2547; x_wconf 88' lang='lat' dir='ltr'><strong>enim</strong></span> <span class='ocrx_word' id='word_1_278' title='bbox 326 2501 451 2547; x_wconf 87' lang='lat' dir='ltr'><strong>etiam</strong></span> <span class='ocrx_word' id='word_1_279' title='bbox 490 2502 773 2565; x_wconf 81' lang='lat' dir='ltr'><strong>corporaliter</strong></span> <span class='ocrx_word' id='word_1_280' title='bbox 802 2503 917 2549; x_wconf 86' lang='lat' dir='ltr'><strong>facta</strong></span> <span class='ocrx_word' id='word_1_281' title='bbox 948 2512 1077 2558; x_wconf 80' lang='lat' dir='ltr'><strong>sunt,</strong></span> <span class='ocrx_word' id='word_1_282' title='bbox 1111 2512 1152 2547; x_wconf 86' lang='lat' dir='ltr'><strong>et</strong></span> <span class='ocrx_word' id='word_1_283' title='bbox 1180 2501 1318 2548; x_wconf 83' lang='lat' dir='ltr'><strong>videri</strong></span> <span class='ocrx_word' id='word_1_284' title='bbox 1341 2519 1420 2565; x_wconf 88' lang='lat' dir='ltr'><strong>per</strong></span> 
     </span>
     <span class='ocr_line' id='line_1_34' title="bbox 56 2570 1418 2636; baseline -0.001 -18"><span class='ocrx_word' id='word_1_285' title='bbox 56 2588 215 2635; x_wconf 83' lang='lat' dir='ltr'><strong>corpus</strong></span> <span class='ocrx_word' id='word_1_286' title='bbox 231 2609 241 2625; x_wconf 75' lang='lat'><em>‚</em></span> <span class='ocrx_word' id='word_1_287' title='bbox 269 2573 301 2617; x_wconf 90' lang='lat' dir='ltr'><strong>si</strong></span> <span class='ocrx_word' id='word_1_288' title='bbox 323 2583 424 2616; x_wconf 85' lang='lat' dir='ltr'><strong>tunc</strong></span> <span class='ocrx_word' id='word_1_289' title='bbox 447 2570 685 2617; x_wconf 66' lang='lat' dir='ltr'><strong>adessemus</strong></span> <span class='ocrx_word' id='word_1_290' title='bbox 703 2609 713 2629; x_wconf 77' lang='grc'>,</span> <span class='ocrx_word' id='word_1_291' title='bbox 736 2572 881 2636; x_wconf 70' lang='lat' dir='ltr'><strong>utique</strong></span> <span class='ocrx_word' id='word_1_292' title='bbox 900 2581 1138 2636; x_wconf 84' lang='lat' dir='ltr'><strong>potuerunt</strong></span> <span class='ocrx_word' id='word_1_293' title='bbox 1158 2588 1168 2617; x_wconf 73' lang='grc' dir='ltr'><strong><em>ι</em></strong></span> <span class='ocrx_word' id='word_1_294' title='bbox 1193 2588 1311 2619; x_wconf 86' lang='lat' dir='ltr'><strong>nunc</strong></span> <span class='ocrx_word' id='word_1_295' title='bbox 1337 2588 1418 2617; x_wconf 86' lang='lat' dir='ltr'><strong>au-</strong></span> 
     </span>
    </p>

    <p class='ocr_par' dir='ltr' id='par_1_4' title="bbox 188 2643 1298 2693">
     <span class='ocr_line' id='line_1_35' title="bbox 188 2643 1298 2693; baseline 0 -4"><span class='ocrx_word' id='word_1_296' title='bbox 188 2659 348 2693; x_wconf 60' lang='lat' dir='ltr'><strong>‹zvatL</strong></span> <span class='ocrx_word' id='word_1_297' title='bbox 1269 2643 1298 2689; x_wconf 84' lang='grc'>8</span> 
     </span>
    </p>
   </div>
  </div>
 </body>
</html>
