1799 3251
596 324 805 356 nrisrom.
840 320 995 359 chxx.
1392 312 1485 372 [123

111 383 230 452 quod
253 387 299 434 iu
325 387 394 435 his
420 390 548 438 rebus
572 408 651 437 nec
676 390 813 437 undas
831 429 842 448 ,
875 410 954 439 nec
977 392 1159 457 lapides,
1189 408 1266 442 nec
1286 395 1445 442 herbas
1463 433 1474 452 ‚

111 476 190 504 nec
223 458 396 505 arbores
430 461 573 518 videt,
607 461 684 507 ubi
713 463 889 526 proprie
913 464 992 509 ista
1017 465 1149 510 verba
1170 464 1394 513 dicuntur.

177 529 250 576 IV.
284 530 420 576 Porro
443 543 583 578 autem
605 549 686 596 pro
712 542 786 578 tuo
812 533 983 593 ingenio
1010 545 1139 598 atque
1157 536 1397 582 eruditione
1422 537 1485 582 fa-

111 599 270 646 cillime
293 602 520 665 perspicis,
544 613 755 667 quantum
775 604 830 649 ab
849 604 918 649 his
936 604 1105 650 differat
1122 607 1242 670 quod
1262 607 1323 652 ait
1339 609 1481 670 Apos-

112 670 223 715 tolus
240 707 250 726 ‚
293 691 314 712 «
339 672 453 717 Cum
477 673 664 719 viderem
689 673 791 736 quia
824 691 913 719 non
948 686 1062 720 recte
1098 675 1403 736 ingrediuntur
1428 676 1483 722 ad

112 762 132 783 ›>
155 741 379 787 veritatem
405 743 656 804 Evangelii,
689 743 777 789 dixi
817 748 944 789 Petro
982 761 1128 790 coram
1167 747 1400 801 omnibus„
1436 745 1483 791 Si

110 833 131 854 ›>
152 822 198 858 tu
215 850 226 869 ,
257 829 357 858 cum
387 813 441 859 sis
467 814 645 860 Judaeus
667 853 677 870 ‚
713 815 928 875 gentiliter
960 826 1001 860 et
1024 832 1108 860 non
1129 816 1307 875 judaice
1333 817 1440 862 vivis
1467 854 1479 872 ,

111 904 130 925 »
151 883 520 947 quemadmodum
542 896 686 945 gentes
709 887 825 946 cogis
842 885 1062 945 judaizare
1082 885 1132 931 1?
1169 886 1297 932 Nulla
1321 899 1382 932 est
1408 887 1483 933 hic

110 955 279 1016 tropica
312 954 580 1009 obscuritas,
609 956 742 1000 verba
767 966 866 1000 sunt
892 955 1071 1018 propria
1100 967 1261 1019 apertae
1290 957 1482 1003 locutio-

109 1025 190 1069 nis.
218 1023 314 1068 Hoc
339 1023 537 1086 profecto
558 1026 725 1070 Doctor
743 1025 933 1084 gentium
954 1062 963 1079 ‚
992 1025 1060 1070 his
1083 1042 1192 1088 quos
1209 1027 1485 1089 parturiebat

109 1093 248 1139 donec
271 1094 472 1140 Christus
500 1094 760 1140 formaretur
779 1096 821 1140 in
846 1096 903 1140 eis
921 1095 939 1122 2
957 1132 967 1151 ‚
990 1106 1029 1141 et
1051 1095 1211 1159 quibus
1231 1097 1311 1141 sub
1335 1097 1485 1143 divina

111 1164 378 1209 attestatione
397 1164 657 1228 praedixerat
675 1202 684 1221 ,
714 1186 733 1207 α
754 1165 866 1222 Quae
891 1176 1033 1211 autem
1057 1165 1202 1212 scribo
1224 1167 1366 1223 vobis,
1387 1183 1484 1212 ecee

111 1255 131 1277 ›>
152 1251 300 1280 coram
322 1237 413 1280 Deo
428 1272 438 1289 ‚
464 1235 566 1298 quia
590 1253 677 1281 non
703 1236 934 1292 mentiorb',
955 1258 974 1279 »
997 1247 1071 1282 aut
1094 1253 1243 1282 verum
1261 1236 1385 1291 dixit,
1408 1249 1483 1283 aut

108 1304 263 1351 falsum
283 1325 294 1359 ;
317 1305 350 1350 si
375 1305 551 1363 falsum,
576 1305 697 1369 quod
723 1306 837 1351 absit
854 1342 865 1362 2
894 1322 993 1369 quae
1013 1317 1248 1370 sequantur
1266 1307 1452 1353 advertis
1469 1344 1478 1362 ‚

110 1386 150 1421 et
177 1375 306 1420 ambo
328 1375 408 1420 ista
434 1375 705 1421 exhorrescas
730 1376 935 1421 admonet
959 1376 1152 1421 veritatis
1175 1376 1386 1422 indicium
1404 1412 1415 1432 ‚
1439 1388 1484 1422 et

109 1447 152 1493 in
178 1445 373 1509 apostolo
393 1447 522 1492 Petro
542 1446 754 1492 mirabilis
771 1446 1033 1491 humilitatis
1051 1447 1309 1510 exemplum.

173 1517 225 1563 V.
250 1516 333 1561 Sed
359 1517 434 1579 qui
459 1517 566 1562 hinc
587 1516 781 1562 diutius?
810 1533 911 1562 cum
926 1516 979 1562 de
1001 1516 1087 1562 hac
1106 1517 1346 1580 quaestione
1370 1517 1482 1563 inter

110 1604 210 1643 nos,
238 1604 313 1646 ego
331 1597 370 1631 et
388 1586 624 1649 praedictus
648 1586 905 1632 venerabilis
924 1586 1058 1632 frater
1079 1588 1371 1651 Hieronymus
1382 1588 1481 1633 satis

108 1657 259 1703 litteris
289 1658 529 1717 egerimus3
558 1669 598 1703 et
632 1658 675 1703 in
705 1658 793 1703 hoc
821 1675 950 1721 opere
976 1657 1299 1704 recentissimo-'³
1317 1695 1328 1715 ‚
1360 1658 1481 1721 quod

109 1729 189 1775 sub
222 1729 396 1774 nomine
422 1728 641 1774 Critobuli
666 1728 869 1774 adversus
897 1728 1120 1789 Pelagium
1154 1728 1285 1774 modo
1310 1728 1447 1774 edidit
1467 1766 1476 1779 ,

108 1799 301 1845 eamdem
327 1799 381 1844 de
403 1799 481 1845 ista
505 1817 548 1845 re
572 1810 685 1859 gesta
713 1799 927 1862 dictisque
955 1799 1199 1862 apostolicis
1224 1799 1478 1844 sententiam

112 1870 264 1923 tenuit,
292 1887 422 1933 quam
447 1870 681 1916 beatissimi
712 1870 920 1933 Cypriani
939 1871 956 1899 5
989 1870 1119 1915 etiam
1145 1887 1222 1915 nos
1247 1870 1381 1915 secuti
1404 1887 1480 1915 su-

109 1957 220 1987 mus.
262 1940 375 1986 Illud
407 1942 553 2003 potius
587 1941 640 1986 (le
674 1941 838 2001 origine
877 1941 1120 1986 animarum
1142 1977 1152 1996 ,
1188 1957 1273 1986 non
1304 1950 1483 2003 propter

108 2021 259 2075 partus
283 2011 544 2057 adulterinos
561 2049 571 2067 ‚
588 2011 660 2056 sed
679 2021 859 2074 propter
873 2010 1192 2065 innocentium,
1216 2010 1335 2074 quod
1350 2010 1479 2062 absit,

109 2080 456 2137 damnationem,
498 2081 643 2144 quod,
679 2081 859 2144 opinor,
891 2098 979 2126 non
1026 2081 1154 2127 stulte
1188 2081 1423 2144 quaeritur,
1451 2080 1485 2125 si

110 2149 216 2214 quid
241 2168 262 2195 a
283 2150 357 2196 tali
387 2168 435 2196 ac
459 2161 578 2197 tanto
602 2151 794 2198 didicisti
814 2151 925 2208 viro,
947 2151 1067 2215 quod
1094 2162 1208 2197 recte
1235 2150 1486 2214 responderi

110 2221 431 2281 ambigentibus
449 2222 601 2285 possit,
624 2240 773 2286 quaeso
798 2223 1030 2268 nobiscum
1051 2223 1374 2268 communicare
1397 2238 1484 2267 nou

111 2291 289 2339 abnuas.
316 2293 380 2338 Ita
400 2293 566 2356 quippe
589 2293 699 2339 mihi
716 2294 760 2338 in
786 2293 976 2356 epistolis
997 2293 1081 2338 tuis
1104 2292 1299 2338 eruditus
1317 2302 1359 2337 et
1382 2308 1480 2338 sua-

109 2362 174 2409 vis
196 2363 467 2426 apparuisti,
495 2374 543 2409 ut
569 2381 714 2427 operae
737 2365 925 2427 pretium
955 2364 1007 2408 sit
1031 2374 1172 2409 tecum
1197 2362 1348 2408 litteris
1377 2379 1488 2409 con-

108 2432 244 2499 loqui.
276 2435 430 2481 Nescio
458 2452 558 2481 sane
576 2453 706 2500 quem
731 2435 895 2481 librum
937 2434 1126 2495 ejusdem
1156 2434 1347 2481 hominis
1371 2435 1450 2479 Dei
1474 2470 1486 2489 ‚

109 2521 238 2569 quem
265 2505 492 2571 presbyter
522 2506 703 2553 Orosius
725 2505 900 2562 attulit„
932 2516 1105 2571 tuaeque
1135 2504 1358 2552 dilectioni
1389 2503 1487 2550 des=

157 2606 169 2629 ¹
186 2606 290 2638 Galat.
308 2617 358 2642 11,
380 2612 432 2643 14.
451 2624 494 2630 —-
512 2604 594 2639 2111.
620 2618 666 2648 ιν,
700 2619 753 2648 19.
780 2625 825 2632 --
846 2604 859 2629 3
885 2606 932 2640 tl.
965 2619 991 2646 i,
1021 2616 1061 2637 oo
1094 2623 1138 2630 σ-
1160 2602 1173 2627 ⁴
1192 2605 1311 2640 Lii:.1.
1337 2604 1491 2641 adversus

111 2660 215 2706 Pelag‚
235 2679 279 2687 —
297 2659 311 2685 ⁵
327 2661 428 2709 Epist.
448 2674 486 2703 71
508 2662 545 2695 ad
564 2662 733 2704 Quintum.
1474 2660 1479 2661 ⁷
