1799 3251
604 262 811 296 EPISTOLA
850 263 995 295 CXLIV.
1418 270 1478 318 99

112 328 185 378 sed
206 332 287 378 Dei
312 350 322 378 ε
345 348 433 378 non
451 331 550 377 haec
566 330 770 377 humanis
792 331 997 394 operibus
1018 331 1195 377 omnino
1216 332 1447 382 tribuerem
1464 374 1477 395 ,

112 419 191 448 nec
204 403 350 448 sicum
373 401 491 465 apud
511 418 585 447 vos
604 417 813 456 essemus‚
839 411 957 445 tanta
980 402 1203 447 conversio
1230 404 1480 452 multitudi-

112 473 178 518 nis
198 472 324 518 nobis
349 471 596 535 loqentibus
618 482 659 516 et
682 470 959 516 hortantibus
984 471 1244 533 proveniret.
1279 474 1375 520 Hoc
1395 477 1484 536 agit

111 543 211 599 ille,
239 553 280 589 et
305 542 434 589 efficit
452 580 462 599 ,
498 543 573 606 qui
595 560 674 606 per
699 542 914 587 ministros
948 558 1045 586 suos
1072 559 1215 588 rerum
1246 544 1374 603 signis
1406 564 1480 592 ex-

114 614 321 659 trinsecus
348 612 573 669 admonet,
613 613 742 658 rebus
768 622 908 657 autem
946 612 1047 675 ipsis
1070 630 1148 674 per
1171 631 1213 658 se
1244 615 1386 677 ipsum
1409 634 1482 663 ex-

114 684 324 730 trinsecus
351 683 490 732 docet.
527 685 617 730 Nec
636 683 733 730 ideo
762 684 927 747 pigrius
949 684 1109 728 moveri
1134 701 1211 729 nos
1233 698 1405 748 oportet
1430 689 1483 734 ad

114 755 310 801 visendos
342 772 443 811 vos,
478 754 684 819 quoniam
715 752 932 818 quidquid
959 752 1000 797 in
1030 753 1154 798 vobis
1182 753 1402 802 laudabile
1423 769 1484 804 est

115 826 276 877 factum
296 863 306 881 ‚
337 843 423 871 non
451 844 473 870 a
497 825 646 880 nobis,
685 824 758 870 sed
792 824 848 869 ab
872 823 946 868 illo
973 822 1136 869 factum
1157 835 1246 880 est,
1278 827 1353 889 qui
1382 828 1487 874 facit

115 895 331 941 mirabilia
350 895 477 940 solus.
511 894 653 940 Multo
685 894 798 939 enim
823 893 1007 938 alacrius
1035 893 1242 940 debemus
1263 914 1487 945 accurrere

116 965 169 1012 ad
197 965 431 1029 spectanda
467 982 595 1029 opera
629 965 779 1010 divina
813 981 943 1028 quam
977 975 1150 1009 nostra:
1175 966 1275 1028 quia
1295 978 1335 1013 et
1355 987 1430 1015 nos
1453 971 1486 1016 si

116 1035 222 1100 quid
238 1036 343 1081 boni
366 1053 513 1082 sumus
531 1073 541 1092 ,
561 1032 670 1098 opus
693 1035 807 1080 illius
826 1052 910 1079 non
928 1034 1157 1080 hominum
1183 1053 1352 1096 sumus²
1373 1041 1488 1086 unde

120 1107 349 1171 Apostolus
377 1107 483 1153 dixit
507 1125 516 1152 :
543 1129 562 1148 «
582 1108 732 1170 Neque
756 1106 832 1169 qui
856 1105 1024 1168 plantat
1054 1117 1114 1151 est
1137 1107 1324 1172 aliquid,
1349 1128 1488 1176 neque

122 1200 138 1219 ι)
164 1178 239 1241 qui
258 1178 388 1237 rigat3
412 1177 485 1222 sed
505 1177 582 1240 qui
599 1177 913 1222 incrementum
939 1175 1188 1224 datDeusl.
1216 1201 1235 1220 ›>

181 1249 241 1296 II.
266 1249 525 1294 Xenocrates
546 1247 823 1293 Polemonem
841 1285 850 1302 ‚
873 1258 919 1292 ut
937 1247 1125 1292 scribitis
1142 1286 1151 1303 ,
1174 1260 1214 1294 et
1234 1267 1311 1296 nos
1334 1269 1380 1297 ex
1403 1252 1488 1299 illis

118 1319 268 1365 litteris
298 1318 594 1373 recordamur,
625 1317 677 1363 de
699 1316 820 1377 fruge
856 1318 1153 1380 temperantiae
1190 1318 1455 1383 disputando
1474 1361 1485 1379 ‚

118 1408 204 1436 non
218 1389 357 1436 solum
383 1389 600 1435 ebriosum
617 1426 627 1444 ,
652 1405 804 1434 verum
826 1388 954 1433 etiam
975 1397 1079 1433 tunc
1099 1389 1267 1436 ebrium
1284 1428 1294 1446 ‚
1319 1392 1374 1438 ad
1393 1411 1490 1440 mo-

119 1478 182 1505 res
217 1459 318 1505 alios
354 1469 525 1522 repente
557 1458 786 1504 convertit.
821 1458 1086 1520 Quanquam
1111 1476 1211 1519 ergo
1240 1460 1340 1516 ille,
1378 1464 1489 1511 sicut

119 1530 355 1595 prudenter
376 1541 416 1576 et
435 1531 641 1575 veraciter
655 1528 917 1574 intellexistis
933 1566 943 1585 ,
966 1546 1053 1574 non
1079 1531 1169 1575 Deo
1191 1531 1319 1578 fuerit
1335 1537 1489 1599 acqui·

118 1602 223 1648 situs
241 1639 251 1655 ‚
275 1601 347 1647 sed
374 1612 541 1647 tantum
570 1619 592 1646 a
619 1600 844 1646 dominatu
868 1599 1048 1645 luxuriae
1073 1600 1278 1649 liberatus
1308 1622 1317 1649 :
1348 1617 1494 1654 tamen

120 1690 172 1717 ne
198 1671 388 1734 idipsum
416 1671 590 1735 quidem
614 1709 624 1726 ‚
644 1671 764 1734 quod
791 1669 942 1715 melius
966 1670 1008 1715 in
1035 1687 1083 1715 eo
1106 1670 1270 1719 factum
1297 1686 1378 1734 est,
1401 1676 1493 1724 hu-

120 1759 248 1788 mano
272 1743 392 1806 operi
420 1741 648 1787 tribuerim
671 1778 680 1797 ‚
717 1740 788 1786 sed
814 1740 977 1786 divino.
1010 1742 1151 1804 Ipsius
1182 1761 1369 1809 namque
1393 1765 1492 1795 cor-

81 1833 86 1838 ·
120 1813 236 1876 poris
253 1850 262 1868 ‚
281 1811 397 1876 quod
416 1823 476 1857 est
492 1812 691 1857 infimum
709 1822 904 1856 nostrum
924 1848 933 1866 ,
955 1811 1085 1875 siqua
1099 1812 1214 1860 bona
1233 1827 1332 1862 sunt
1349 1855 1361 1874 ,
1382 1818 1495 1866 sicut

120 1881 260 1928 forma
284 1893 324 1928 et
348 1883 456 1928 vires
476 1892 517 1927 et
540 1881 653 1927 salus
668 1919 678 1936 ,
702 1891 743 1925 et
766 1882 798 1926 si
818 1881 922 1944 quid
943 1882 1154 1941 ejusmodi
1171 1896 1230 1930 est
1248 1923 1259 1942 ,
1286 1905 1373 1933 non
1390 1901 1491 1936 sunt

121 1954 201 1998 nisi
230 1971 274 1998 ex
299 1954 387 1998 Deo
411 1963 602 1998 creatore
627 1970 675 1998 ae
695 1951 934 2015 perfectore
954 1963 1145 2008 naturae3
1169 1968 1334 2020 quanto
1356 1960 1491 2021 magis

123 2024 253 2077 animi
271 2023 388 2069 bona
407 2023 567 2068 donare
589 2022 734 2068 nullus
760 2022 866 2068 alius
884 2027 1054 2085 potest?
1077 2025 1196 2081 Quid
1215 2028 1328 2074 enim
1344 2046 1491 2094 super-

121 2092 220 2140 bius
252 2093 319 2139 vel
349 2093 556 2153 ingratius
590 2093 777 2152 cogitare
813 2103 953 2155 potest
979 2093 1171 2140 humana
1195 2097 1423 2154 vecordia,
1456 2100 1489 2145 si

123 2163 340 2228 putaverit
363 2180 462 2209 cum
498 2180 624 2208 carne
655 2162 893 2226 pulchrum
933 2162 1063 2208 faciat
1098 2165 1207 2211 Deus
1234 2167 1455 2215 hominem
1476 2207 1487 2226 ‚

125 2235 266 2279 animo
295 2245 460 2280 eastum
485 2234 539 2278 ab
563 2233 740 2279 homine
767 2232 886 2278 fieri?
919 2233 1013 2278 Hoc
1034 2233 1077 2278 in
1103 2234 1218 2282 libro
1241 2238 1493 2288 christianae

125 2306 358 2369 Sapientiae
378 2305 437 2350 sic
463 2304 673 2367 seriptum
697 2314 751 2349 es!
776 2321 784 2347 :
811 2326 829 2344 c<
852 2303 963 2349 Cum
989 2304 1138 2351 scirem
1157 2343 1167 2361 ‚
1195 2306 1360 2372 inquit,
1391 2311 1494 2374 quia

126 2398 145 2417 n
170 2392 296 2421 nemo
320 2391 404 2420 esse
428 2385 570 2438 potest
594 2375 819 2419 continens
840 2412 847 2428 ‚
880 2374 959 2418 nisi
990 2375 1104 2419 Deus
1123 2374 1221 2430 det3
1248 2389 1289 2423 et
1311 2378 1397 2426 hoc
1419 2382 1493 2444 ip-

129 2468 147 2488 »
174 2462 268 2491 sum
290 2455 380 2490 erat
399 2443 620 2507 sapientiae
640 2444 746 2489 scire
761 2447 884 2503 eujus
906 2454 1007 2488 esset
1029 2444 1114 2490 hoc
1133 2445 1295 2493 donum
1309 2449 1342 2496 2.
1366 2472 1385 2492 υ
1405 2452 1494 2498 Po..

124 2513 236 2562 lemo
258 2532 357 2576 ergo
374 2553 384 2571 ,
410 2514 442 2560 si
459 2532 506 2560 ex
524 2514 742 2560 luxurioso
760 2515 984 2560 continens
1007 2513 1146 2562 factus
1160 2516 1218 2567 ita
1235 2519 1360 2565 sciret
1374 2525 1499 2583 cujus

155 2601 185 2626 »Ι
209 2609 221 2630 ι
244 2599 316 2631 Cor.
337 2610 389 2637 111,
411 2610 440 2637 7.
460 2615 504 2621 —
521 2595 535 2619 ²
554 2599 628 2641 Sap.
645 2608 721 2641 xm,
740 2609 794 2632 21.

1290 2672 1330 2720 7.
