1799 3251
585 310 800 342 EPISTOLA
835 312 1029 344 chxvn.
1402 296 1497 353 405

190 378 245 423 X.
274 381 339 424 An
362 377 472 423 forte
496 378 575 422 Dei
605 376 857 422 mandatum
884 376 1052 433 deerat,
1096 386 1137 423 et
1161 377 1258 423 ideo
1296 376 1500 424 Christus

131 458 328 494 mortuus
351 451 440 493 est?
459 449 552 492 Imo
575 451 666 506 jam
686 457 726 491 et
750 446 836 491 hoc
870 457 960 492 erat
985 458 1181 493 sanctum
1204 458 1245 492 et
1271 450 1438 506 justum
1459 458 1503 492 et

118 517 328 564 bonun11.
357 522 449 563 Jam
470 517 636 563 dictum
661 517 797 562 fuerat
817 535 826 561 ε
849 538 868 558 «
892 517 988 562 Non
1006 518 1290 580 concupisces
1306 518 1340 564 2.
1366 538 1386 559 ›>
1404 517 1503 562 Jam

126 587 295 633 dictum
329 588 472 634 suerat
495 605 504 631 ε
527 609 545 628 «
568 587 728 645 Diliges
770 587 1013 649 proximum
1056 598 1177 632 tuum
1222 598 1427 651 tanquam
1464 597 1504 632 tc

127 678 148 698 »
169 658 308 719 ipsum
328 658 344 685 3
370 675 379 701 :
405 680 424 697 »
448 658 490 702 in
519 674 606 720 quo
638 673 832 701 sermone
873 657 1105 717 Apostolus
1141 674 1311 702 omnem
1345 659 1502 717 Legem

129 727 236 772 dicit
259 727 430 789 impleri
446 727 477 773 Δ.
513 729 564 771 lit
584 727 787 789 quoniam
811 725 891 770 nisi
909 727 1062 785 diligat
1088 729 1226 771 Deum
1249 764 1258 778 ‚
1287 744 1411 772 nemo
1432 726 1503 772 di·-

119 797 213 856 ligit
239 814 279 841 se
294 798 436 860 ipsum
458 834 467 851 ,
496 797 591 842 ideo
615 797 821 842 Dominus
840 797 884 841 in
905 797 954 841 iis
975 796 1149 842 duobus
1174 798 1409 860 praeceptis
1427 807 1501 842 to-

130 878 214 913 tam
236 869 391 927 Legem
418 868 750 930 Proplietasque
774 867 883 913 dicit
906 867 1108 930 pendere.
1139 869 1251 925 Quae
1273 868 1360 914 duo
1383 884 1504 931 prae-

121 947 250 1000 cepta
267 941 358 994 jam
384 949 505 982 erant
529 938 783 982 hominibus
803 937 1011 983 divinitus
1043 937 1158 984 data.
1198 939 1265 984 An
1294 949 1504 984 aeternum

124 1008 355 1071 praemium
369 1008 551 1066 justitiae
565 1008 824 1071 promissum
846 1008 1040 1053 nondum
1061 1012 1178 1054 erat?
1198 1009 1292 1054 Hoc
1307 1010 1398 1072 ipse
1416 1025 1506 1053 non

124 1078 259 1133 dicit,
290 1078 366 1142 qui
395 1078 440 1123 in
474 1079 558 1123 suis
590 1077 741 1123 litteris
770 1079 917 1140 posuit
941 1079 1069 1123 etiam
1102 1079 1146 1124 in
1178 1078 1328 1123 Vetere
1352 1082 1505 1123 Testa-

127 1158 273 1193 mento
300 1164 478 1207 regnum
515 1147 726 1193 eoelorum
759 1165 844 1193 esse
863 1148 1139 1210 promissum.
1172 1147 1215 1193 Si
1239 1165 1338 1208 ergo
1360 1147 1415 1193 ad
1437 1147 1506 1193 fa-

125 1217 326 1263 ciendam
370 1218 772 1281 perfieiendamque
806 1219 1019 1277 justitiam
1040 1256 1051 1275 ‚
1087 1222 1177 1278 jam
1214 1230 1305 1264 erat
1336 1229 1508 1265 naturae

125 1287 392 1350 possibilitas
427 1305 504 1350 per
530 1288 717 1332 liberum
753 1288 982 1333 arbitrium
1002 1326 1011 1343 ‚
1035 1292 1125 1347 jam
1151 1299 1241 1334 erat
1270 1288 1394 1349 Legis
1426 1289 1507 1334 Dei

133 1368 328 1402 sanetum
355 1362 575 1417 etjustum
599 1359 853 1421 bonumque
874 1359 1125 1404 mandatum
1145 1396 1154 1413 ,
1181 1364 1270 1419 jam
1293 1370 1508 1422 eratpro-

128 1427 301 1472 missum
346 1429 579 1490 praemium
620 1428 957 1490 sempiternum:
1002 1447 1103 1489 ergo
1146 1429 1345 1475 Christus
1379 1429 1509 1489 gratis

133 1509 331 1544 mortuus
348 1510 421 1546 est.

194 1573 271 1617 M.
304 1573 416 1632 Ergo
436 1589 576 1635 neque
596 1590 673 1635 per
694 1575 849 1633 Legem
863 1574 1030 1632 justitia
1047 1611 1057 1629 ‚
1078 1591 1217 1637 neque
1243 1592 1322 1637 per
1338 1583 1509 1620 naturae

132 1643 462 1705 possibilitatem
478 1680 488 1699 ,
512 1644 584 1689 sed
609 1662 656 1689 ex
680 1644 766 1689 fide
788 1655 829 1690 et
849 1645 965 1690 dono
990 1646 1067 1690 Dei
1088 1663 1166 1708 per
1185 1649 1331 1691 Jesum
1352 1644 1510 1689 Chris-

133 1722 223 1756 tum
242 1713 480 1758 Dominum
505 1725 698 1760 nostrum
719 1749 729 1768 ‚
755 1731 891 1760 unum
911 1714 1193 1760 mediatorem
1209 1715 1287 1760 Dei
1308 1726 1348 1760 et
1367 1714 1511 1760 homi-

132 1781 263 1825 num5
288 1799 297 1826 :
321 1782 393 1844 qui
415 1783 494 1828 nisi
512 1783 785 1846 plenitudine
809 1785 1014 1847 temporis
1033 1796 1231 1830 mortuus
1253 1795 1357 1831 esset
1376 1802 1512 1847 prop-

132 1862 194 1896 ter
208 1850 366 1896 delicta
385 1863 555 1909 nostra,
581 1864 622 1898 et
641 1854 933 1900 resurrexisset
953 1866 1136 1917 propter
1151 1855 1511 1915 jilstificationem

134 1932 356 1978 nostram,
385 1923 582 1985 profecto
625 1935 666 1970 et
705 1925 983 1988 antiquorum
1024 1925 1130 1971 fides
1164 1936 1446 1971 evacuaretur
1470 1936 1513 1970 ct

137 2002 294 2038 nostra.
328 1992 431 2038 Fide
459 2010 560 2039 vero
582 2005 790 2040 evacuata
810 2032 820 2050 ‚
848 2012 948 2058 quae
974 1995 1143 2041 homini
1162 1996 1332 2055 justitia
1367 2013 1511 2040 rema-

134 2072 260 2115 neat,
289 2078 388 2107 cum
405 2065 548 2122 justus
567 2081 615 2109 ex
638 2065 724 2110 fide
748 2065 867 2111 vivat
883 2066 935 2111 ⁶?
958 2067 1019 2111 Ex
1038 2083 1124 2128 quo
1143 2067 1256 2111 enim
1273 2083 1351 2129 per
1375 2081 1512 2110 uuum

134 2131 356 2177 hominem
390 2144 618 2195 peccatum
648 2134 826 2180 intravit
846 2135 1124 2180 inmundum
1143 2172 1154 2191 ,
1178 2146 1220 2180 et
1251 2153 1329 2198 per
1352 2152 1514 2199 pecca-

136 2212 228 2246 tum
255 2218 392 2257 mors,
423 2213 465 2248 et
486 2204 545 2249 ita
574 2204 620 2249 in
641 2221 788 2250 omnes
810 2205 1008 2250 homines
1032 2206 1332 2268 pertransivit,
1352 2207 1397 2250 in
1425 2221 1512 2268 quo

136 2288 283 2316 omnes
303 2273 624 2334 peecaverunt⁷
647 2292 656 2318 :
682 2275 839 2337 procul
854 2274 992 2320 dubio
1015 2293 1038 2320 a
1053 2292 1236 2338 corpore
1259 2275 1409 2321 mortis
1430 2275 1515 2319 hu-

131 2342 255 2401 ju58‚
279 2343 358 2388 ubi
383 2342 463 2388 alia
486 2343 551 2389 lex
575 2356 789 2408 repugnat
810 2345 892 2405 legi
912 2346 1064 2391 mentis
1081 2383 1091 2402 ‚
1119 2347 1333 2391 neminem
1356 2345 1514 2391 libera-

137 2411 199 2457 vit
218 2422 293 2457 aut
310 2411 556 2460 liberatsua
575 2414 842 2477 possibilitas
861 2452 871 2470 ‚
902 2432 1004 2479 quae
1028 2416 1198 2479 perdita
1220 2415 1515 2478 Redemptum

137 2481 328 2541 indiget,
356 2486 499 2529 saucia
521 2485 764 2539 Salvatore3
787 2485 858 2531 sed
877 2487 1014 2546 gratia
1035 2487 1109 2532 Dei
1135 2504 1212 2550 per
1235 2486 1365 2532 fidem
1388 2487 1515 2531 unius

188 2582 307 2613 ¹Rom.
326 2593 380 2621 ιιι,
400 2594 451 2615 12.
471 2601 516 2607 -—
536 2582 550 2605 ²
570 2584 673 2618 Exod.
690 2596 745 2623 xx,
764 2597 814 2624 17.
832 2582 1017 2617 —3Levit.
1032 2597 1096 2617 xxx.
1123 2590 1174 2620 ιδ’,
1197 2604 1242 2610 -
1257 2584 1269 2608 ⁴
1289 2589 1382 2618 Rom.
1402 2595 1469 2623 xiii,
1486 2598 1518 2631 9,

142 2636 210 2662 —5
228 2638 275 2671 ld.
299 2649 341 2679 iv,
361 2640 414 2672 25.
429 2636 680 2681 —5Hat›uc.11,
696 2647 727 2679 4.
743 2660 786 2689 —·
807 2639 819 2662 ⁷
838 2643 928 2675 Rom.
948 2652 975 2679 x,
996 2654 1103 2677 12.—
1120 2640 1134 2664 S
1152 2643 1202 2678 ld.
1225 2654 1281 2683 w,
1302 2649 1342 2682 24
1368 2648 1397 2675 et
1414 2653 1470 2682 24.
