1799 3251
370 296 459 361 194
783 313 818 343 S.
861 313 1106 346 Aueustrlm
1139 313 1343 346 muscom

361 379 525 425 habeat
557 395 604 424 ex
626 387 765 425 vestro
798 379 1003 439 sanguine
1042 378 1243 426 foeminas
1277 381 1462 441 virgines
1495 381 1696 427 Christus
1716 419 1726 438 ‚

361 466 494 513 quam
507 449 621 496 viros
640 448 834 495 consules
848 449 1072 495 mundus?
1095 450 1206 495 Nam
1225 450 1447 498 volumina
1466 463 1732 516 temporum,

359 520 394 565 si
421 536 629 579 magnum
664 529 792 583 atque
813 519 1076 583 praeclarum
1099 530 1160 565 est
1195 521 1383 566 nominis
1405 521 1615 582 dignitate
1641 523 1730 581 sig-

362 607 489 648 nare;
513 600 677 654 quanto
706 601 770 636 est
805 594 943 650 majus
967 602 1094 655 atque
1117 591 1370 654 praeclarius
1402 592 1545 638 cordis
1570 603 1612 637 et
1630 609 1733 637 cor-

358 661 479 724 poris
516 661 762 720 integritate
797 660 1135 707 transcendere?
1179 661 1316 719 Magis
1361 662 1508 725 itaque
1550 661 1734 722 gaudeat

361 731 506 795 puella
525 731 685 777 nobilis
712 749 862 791 genere
885 769 895 788 ,
924 731 1116 777 nobilior
1149 732 1375 776 sanctitate
1394 769 1404 787 ,
1438 732 1556 795 quod
1580 732 1633 777 sit
1656 748 1733 795 per

361 801 563 847 divinum
597 802 864 847 consortium
898 801 1170 864 praecipuam
1206 802 1250 846 in
1294 801 1416 846 coelis
1450 813 1734 848 consecutura

358 871 670 917 sublimitatem
687 907 697 927 ,
732 888 864 935 quam
892 872 926 916 si
954 883 1060 917 esset
1085 889 1163 935 per
1195 873 1436 917 humanum
1460 873 1729 919 connubium

356 942 525 1005 prolem
549 951 845 1004 propagatura
865 940 1110 988 sublimem.
1142 942 1400 987 Generosius
1423 943 1589 1006 quippe
1614 942 1733 1002 eligit

356 1012 567 1057 Aniciana
593 1011 819 1074 posteritas
846 1022 932 1057 tam
951 1011 1159 1057 illustrem
1179 1011 1387 1057 familiam
1408 1012 1538 1058 beare
1557 1012 1733 1075 nuptias

354 1081 585 1127 nesciendo
607 1118 619 1138 ,
642 1098 775 1145 quam
793 1081 1087 1144 multiplicare
1105 1080 1316 1145 pariendo
1329 1117 1343 1137 ,
1365 1090 1406 1127 et
1425 1081 1471 1126 in
1495 1098 1623 1127 carne
1640 1085 1732 1140 jam

354 1152 518 1198 imitari
540 1153 673 1198 vitam
706 1151 970 1211 Angelorum
990 1188 1000 1208 ‚
1027 1170 1158 1216 quam
1184 1169 1231 1198 ex
1255 1168 1386 1198 carne
1407 1151 1554 1197 adhuc
1577 1168 1733 1197 nume-

352 1238 453 1267 rum
475 1238 628 1283 augere
654 1222 918 1271 mortalium.
957 1222 1067 1268 Haec
1098 1233 1160 1268 est
1196 1222 1374 1268 uberior
1398 1221 1733 1285 foecundiorque

350 1291 551 1348 felicitas,
574 1310 663 1339 non
683 1303 831 1339 ventre
851 1308 1118 1352 gravescere,
1146 1292 1220 1339 sed
1245 1303 1388 1338 mente
1421 1292 1731 1352 grandescere3

350 1378 442 1408 non
465 1363 692 1409 lactescere
716 1373 894 1426 pectore
913 1399 923 1418 ‚
957 1362 1031 1408 sed
1065 1362 1198 1408 corde
1227 1362 1506 1416 candescere;
1531 1379 1622 1408 non
1641 1362 1732 1409 vis-

352 1433 524 1478 ceribus
544 1444 700 1479 terram
718 1470 728 1488 ‚
756 1433 830 1478 sed
847 1432 1010 1478 coelum
1039 1433 1312 1478 orationibus
1332 1432 1548 1495 parturire
1572 1432 1732 1479 Domi-

350 1519 509 1549 narum
526 1502 692 1548 honore
703 1502 966 1562 dignissimae
983 1502 1105 1559 filiae,
1127 1502 1413 1565 perfruamini
1432 1502 1477 1547 in
1500 1501 1590 1558 illa,
1610 1501 1732 1565 quod

353 1572 493 1619 defuit
509 1573 632 1619 vobis
655 1593 665 1626 3
686 1583 929 1636 perseveret
952 1589 1087 1636 usque
1109 1572 1155 1618 in
1177 1574 1307 1618 finem
1324 1610 1337 1630 ,
1373 1572 1599 1618 adhaerens
1622 1590 1733 1619 con-

348 1643 473 1703 jugio
501 1642 622 1706 quod
650 1660 737 1688 non
762 1642 897 1688 habet
930 1643 1077 1689 finem.
1109 1642 1340 1687 Imitentur
1363 1658 1455 1687 eam
1481 1641 1634 1687 multae
1661 1642 1731 1688 fa-

355 1712 489 1758 mulae
516 1713 738 1758 dominam
760 1749 771 1769 ‚
809 1712 1023 1772 ignobiles
1053 1712 1272 1769 nobilem,
1310 1712 1520 1772 fragiliter
1559 1712 1733 1758 excelsae

355 1783 558 1828 excelsius
580 1783 790 1829 humilem
810 1803 821 1836 ;
848 1782 1035 1842 virgines
1062 1798 1163 1845 quae
1186 1781 1270 1827 sibi
1300 1791 1456 1845 optant
1479 1781 1733 1828 Aniciorum

355 1854 622 1910 claritatem,
656 1853 816 1914 eligant
843 1853 1133 1900 sanctitatem.
1170 1851 1289 1898 Illud
1312 1852 1426 1898 enim
1460 1852 1734 1916 quantalibet

356 1924 599 1987 cupiditate
616 1923 793 1987 quando
818 1926 1132 1987 assequentur?
1160 1922 1258 1968 Hoc
1281 1932 1424 1967 autem
1444 1922 1477 1966 si
1502 1922 1628 1985 plene
1648 1938 1731 1969 cu-

356 1995 520 2057 pierint
537 2031 547 2050 ,
569 2011 666 2039 mox
689 1993 935 2040 habebunt.
973 1994 1181 2052 Protegat
1203 2008 1280 2038 vos
1312 1990 1550 2036 incolumes
1579 2001 1622 2036 et
1641 1991 1732 2037 feli-

357 2065 493 2111 ciores
525 2064 695 2110 dextera
730 2063 949 2117 Atissimi‚
988 2062 1162 2108 domine
1194 2061 1360 2106 honore
1393 2059 1656 2120 dignissimae
1691 2071 1732 2106 et

358 2135 729 2199 praestantissimae
758 2133 874 2179 filiae.
904 2132 1093 2192 Pignora
1111 2131 1348 2177 sanctitatis
1368 2141 1519 2177 vestrae
1537 2166 1547 2186 ‚
1575 2131 1731 2193 praeci-

357 2222 446 2269 pue
466 2206 604 2268 ipsam
626 2204 850 2250 sanctitate
873 2203 1148 2266 praecipuam
1164 2200 1181 2230 1
1196 2238 1207 2258 ‚
1228 2201 1377 2247 debito
1397 2201 1546 2245 vestris
1569 2201 1732 2246 meritis

360 2276 520 2332 officio,
547 2275 778 2321 dilectione
800 2272 979 2320 Domini
1002 2272 1252 2319 salutamus,
1273 2269 1510 2318 Velationis
1527 2269 1731 2333 apopho-

359 2356 498 2392 retum
525 2345 763 2405 gratissime
788 2343 1036 2406 accepimus
1058 2342 1174 2405 (11).

411 2447 420 2468 ¹
440 2443 676 2477 Demetriadem
690 2441 858 2484 virginem.
