1799 3251
303 284 393 332 286
720 298 755 330 s,
797 297 1042 330 Anaus‘rmi
1077 297 1279 330 EPISCOP1

299 374 468 426 potest,
500 379 648 409 curam
678 373 807 426 atque
826 380 1002 426 operam
1034 362 1418 424 negotiosissimam
1451 360 1666 426 postulat,

297 451 347 479 ac
367 451 446 497 per
468 433 555 479 hoc
584 443 769 478 mentem
795 433 850 478 ab
875 433 942 478 his
962 433 1329 497 occupationibus
1349 433 1662 478 otiosissimam.

295 503 342 549 Si
370 515 511 550 autem
544 504 734 549 breviter
754 503 817 549 vis
849 504 999 550 audire
1025 504 1133 568 quid
1165 503 1276 549 mihi
1300 503 1515 559 videatur,
1547 501 1668 548 nullo

296 575 427 621 modo
451 575 641 620 arbitror
663 574 847 619 animam
877 591 899 619 e
921 592 1104 638 corpore
1125 574 1237 620 exire
1257 591 1358 619 cum
1382 590 1578 636 corpore.

363 646 421 690 II.
458 645 650 690 Visiones
694 654 833 690 autern
874 644 960 690 illae
994 645 1330 706 futurorumque
1364 643 1670 707 praedictiones

298 714 520 779 quomodo
534 715 658 770 fiant,
686 714 756 759 ille
773 718 863 773 jam
891 713 1102 778 explicare
1114 724 1311 769 conetur,
1339 714 1414 776 qui
1437 713 1557 758 novit
1583 727 1670 775 qua

299 786 343 831 vi
373 784 614 830 efficiantur
644 784 688 829 in
710 801 795 829 uno
819 801 994 847 quoque
1017 785 1158 829 animo
1183 794 1301 829 tanta
1320 820 1330 839 ,
1363 800 1463 828 cuni
1489 782 1664 842 cogitat.

298 855 506 903 Videmus
524 856 636 901 enini
655 892 665 908 ‚
692 854 907 918 planeque
928 855 1141 900 cernimus
1156 854 1200 900 in
1224 872 1272 899 eo
1289 853 1379 900 fieri
1396 870 1538 899 rerum
1560 852 1671 899 mul-

296 938 440 973 tarum
475 926 713 972 visibilium
734 963 744 982 ,
770 937 811 971 et
844 925 898 970 ad
924 937 1100 972 caeteros
1132 926 1326 989 corporis
1352 941 1496 970 sensus
1530 923 1671 987 perti-

298 997 493 1043 nentium
521 1034 531 1051 ,
569 996 907 1042 innumerabiles
947 997 1153 1056 imagines
1187 1014 1197 1041 :
1238 1013 1336 1060 quae
1377 1012 1463 1040 non
1498 995 1673 1040 interest

301 1084 434 1131 quarn
453 1067 648 1112 ordinate
673 1066 739 1112 vel
768 1066 944 1112 turbide
976 1068 1110 1120 fiant3
1145 1067 1216 1112 sed
1247 1077 1415 1113 tantum
1439 1065 1540 1128 quia
1561 1065 1673 1110 fiunt

299 1136 418 1200 quod
443 1136 715 1182 manifestum
737 1147 825 1193 est,
852 1154 937 1199 qua
961 1137 1003 1183 vi
1025 1148 1065 1183 et
1088 1137 1309 1201 quomodo
1344 1138 1452 1182 fiant
1478 1135 1673 1198 quisquis

297 1207 490 1270 potuerit
527 1207 767 1271 explicare,
797 1207 926 1271 (quae
949 1207 1094 1253 onmia
1134 1218 1247 1253 certe
1284 1206 1539 1270 quotidiana
1572 1215 1674 1251 sunt

300 1287 428 1343 atque
452 1272 657 1324 continua
675 1315 685 1333 ,
707 1278 721 1325 i
745 1277 901 1323 audeat
928 1295 1187 1341 praesumere
1205 1276 1370 1341 aliquid
1392 1294 1440 1322 ac
1461 1274 1640 1321 definire
1657 1312 1669 1331 ‚

297 1348 427 1393 etiam
448 1347 502 1393 de
526 1348 610 1393 illis
630 1347 857 1393 rarissimis
874 1348 990 1393 visis.
1019 1349 1110 1408 Ego
1126 1359 1266 1394 autem
1289 1358 1407 1393 tanto
1428 1347 1568 1392 minus
1587 1345 1673 1391 hoc

301 1418 466 1474 audeo,
494 1430 660 1483 quanto
693 1418 838 1464 minus
865 1418 909 1464 id
947 1435 1120 1482 quoque
1155 1419 1200 1465 in
1236 1419 1389 1474 nobis,
1427 1416 1548 1479 quod
1586 1415 1674 1462 vita

298 1489 504 1535 continua
529 1489 753 1549 vigilantes
780 1488 1126 1552 dormientesque
1147 1489 1406 1553 experimur,
1430 1504 1517 1552 quo
1544 1496 1674 1550 pacto

299 1559 375 1605 fiat
410 1559 621 1622 explicare
660 1559 844 1606 sufficio.
886 1559 996 1604 Nan]
1025 1577 1128 1604 cuin
1167 1560 1221 1605 ad
1254 1571 1293 1605 te
1316 1559 1526 1605 dictarem
1557 1557 1672 1602 hanc

300 1629 527 1693 epistolam
547 1667 557 1685 ,
581 1640 621 1675 te
644 1630 787 1693 ipsum
810 1630 955 1675 animo
981 1630 1238 1685 contuebar,
1263 1641 1303 1676 te
1328 1629 1477 1691 utique
1501 1627 1675 1674 absente

302 1710 429 1763 atque
454 1699 692 1755 nesciente,
731 1709 772 1744 et
794 1699 1015 1762 quomodo
1057 1701 1192 1763 possis
1214 1700 1281 1746 liis
1316 1699 1460 1745 verbis
1483 1697 1674 1753 moveri,

300 1768 542 1815 secundum
574 1769 773 1815 notitiam
800 1787 901 1832 quae
926 1770 1035 1815 mihi
1066 1769 1119 1816 de
1145 1781 1182 1816 te
1207 1771 1344 1823 inest,
1380 1767 1670 1828 imaginabar,

300 1850 427 1904 atque
455 1840 497 1885 id
526 1857 714 1903 quonam
738 1840 868 1886 modo
901 1842 947 1886 in
981 1841 1126 1886 animo
1152 1858 1246 1886 mco
1275 1842 1420 1894 fieret,
1448 1855 1602 1901 capere
1622 1853 1673 1883 ac

300 1910 555 1970 investigare
573 1928 659 1956 non
678 1921 873 1974 poteram
892 1948 902 1966 ,
924 1922 1064 1956 certus
1084 1922 1328 1956 tamennon
1347 1910 1437 1955 fieri
1456 1908 1675 1971 corporeis

300 1980 490 2027 molibus
506 2018 515 2035 ,
537 1998 616 2027 nec
635 1981 856 2045 corporeis
880 1981 1190 2044 qualitatibus,
1214 1999 1314 2027 cum
1342 1980 1516 2042 corpori
1533 1978 1674 2024 simil-

301 2050 455 2096 limum
488 2051 609 2097 fieret
633 2069 643 2096 ε
671 2052 758 2097 hoc
796 2052 969 2097 interim
1004 2051 1192 2107 babeas,
1221 2062 1268 2096 ut
1301 2052 1355 2096 ab
1387 2059 1602 2112 occupato
1633 2058 1675 2095 et

303 2119 530 2167 festinante
563 2121 793 2168 dictatum.
824 2123 876 2167 ln
907 2121 1166 2168 duodecimo
1204 2133 1343 2168 autem
1372 2121 1487 2166 libro
1523 2136 1675 2165 eorum

300 2208 408 2254 quos
441 2197 514 2238 De
552 2195 727 2239 Genesi·
759 2194 941 2257 scripsi,
978 2204 1172 2239 versatur
1194 2193 1293 2239 baec
1327 2191 1509 2257 quaestio
1538 2191 1674 2237 vehe-

302 2272 482 2318 menter,
501 2273 542 2307 ct
562 2280 608 2308 ex
632 2262 777 2308 multis
801 2280 943 2309 rerum
971 2275 1243 2326 expertarum
1259 2275 1388 2327 atque
1412 2260 1677 2308 credibiliter

305 2331 553 2377 auditarum
585 2333 788 2397 exemplis
809 2333 1047 2396 disputatio
1073 2333 1145 2379 illa
1170 2334 1385 2396 sylvescit.
1418 2331 1536 2389 Quid
1562 2332 1605 2377 in
1628 2348 1676 2377 ea

304 2402 575 2463 potuerimus
604 2403 672 2448 vel
709 2404 972 2449 effecerimus
992 2440 1002 2458 ,
1035 2420 1134 2448 cum
1167 2404 1339 2463 legeris,
1370 2402 1616 2463 judicabis3
1642 2401 1675 2447 si

307 2480 450 2515 tamen
479 2472 691 2518 Dominus
716 2473 968 2534 dignabitur
992 2471 1179 2529 donare,
1211 2485 1257 2518 ut
1281 2491 1350 2519 eos
1376 2472 1481 2517 mihi
1511 2471 1644 2517 libros
1662 2508 1673 2526 ‚

308 2551 521 2604 quantum
560 2560 736 2606 possum
784 2554 1071 2605 congruenter
1109 2543 1388 2590 emendatos.
1425 2546 1514 2602 jani
1552 2541 1679 2588 liceat
