1799 3251
615 279 827 311 EPISTOLA
863 280 948 310 CLI.
1396 281 1484 311 201

179 350 302 395 VIII.
336 349 391 392 Et
408 346 582 407 majoris
610 347 708 408 (14)
739 345 914 409 quidem
935 361 1074 391 mores
1097 344 1369 408 apparebant
1386 345 1492 391 huic

112 419 271 466 saeculo
290 418 514 464 amiciores
533 433 619 462 esse
644 432 774 479 quam
803 414 996 462 Christo,
1029 416 1295 477 Quanquam
1327 424 1370 459 et
1399 415 1491 477 ipse

103 488 339 549 Juvenilein
376 488 497 550 prius
520 485 855 548 saecularemque
880 486 1014 531 vitam
1048 501 1176 530 uxore
1206 483 1340 529 ducta
1363 520 1375 540 ‚
1402 500 1491 529 non

108 575 245 622 parva
265 574 310 603 ex
331 568 454 620 parte
480 565 731 602 correxerat.
763 556 859 600 Non
891 566 1032 600 tamen
1053 553 1231 599 fortasse
1247 553 1490 599 misericors

109 630 223 673 Deus
247 627 385 672 fratris
410 644 503 672 cum
532 643 617 671 esse
640 626 679 670 in
703 636 840 670 morte
860 625 1060 670 comitem
1084 624 1164 669 nisi
1192 622 1397 668 miserans
1413 639 1486 668 vo-

107 697 204 743 luit.
231 696 308 741 llle
335 713 435 741 vero
457 696 563 740 alius
591 695 781 753 religiose
805 694 924 749 vixit.
951 704 992 738 et
1010 693 1198 739 multum
1216 692 1347 738 corde
1368 693 1486 737 Vita-

105 782 190 830 que
215 765 478 810 Christiana.
521 765 626 809 Haec
651 781 749 810 eum
780 763 893 809 fama
920 763 1170 826 praecessit,
1206 772 1254 808 ut
1289 762 1333 807 in
1357 778 1485 808 causa

106 836 311 881 Ecclesiae
332 836 391 880 sic
408 835 567 879 venia-t
590 834 820 896 1'1;3)‚h·aec
837 843 1066 879 consecuta
1087 843 1146 878 cst
1169 848 1269 878 cum
1280 832 1476 878 venisset.

105 906 217 961 Quae
241 905 299 950 illi
320 922 419 949 vcro
444 905 640 967 probitas
663 904 709 948 in
731 904 923 949 moribus
946 940 956 958 ,
984 903 1028 948 in
1062 902 1251 948 amicitia
1275 900 1380 946 fides
1401 938 1411 956 ,
1436 901 1482 946 in

103 975 300 1021 doctrina
341 974 559 1031 studium,
603 973 648 1019 in
671 973 876 1033 religione
909 973 1129 1019 sinceritas
1150 1009 1160 1027 ,
1197 972 1241 1017 in
1278 971 1480 1031 conjugio

100 1045 331 1109 pudicitia,
357 1046 401 1090 in
421 1045 588 1107 judicio
610 1044 894 1100 continentia,
912 1061 1008 1104 erga
1029 1043 1229 1089 inimicos
1247 1042 1475 1105 patientia,

100 1134 200 1176 erga
235 1116 394 1161 amicos
445 1115 694 1170 affabilitas,
739 1133 837 1175 erga
874 1126 1051 1160 sanctos
1093 1112 1317 1159 humilitas
1340 1149 1349 1160 .
1380 1130 1477 1172 erga

99 1205 245 1233 omues
269 1186 474 1244 charitas,
501 1187 543 1231 in
561 1187 783 1232 beneficiis
804 1186 1062 1250 praestandis
1092 1184 1297 1238 facilitas,
1326 1185 1370 1229 in
1396 1201 1477 1246 pe-

99 1257 239 1302 tendis
268 1257 439 1320 pudor,
477 1258 520 1302 in
545 1267 655 1301 recte
678 1256 803 1302 factis
839 1273 960 1301 amor
981 1293 991 1311 ‚
1025 1256 1067 1300 in
1100 1254 1289 1317 peccatis
1313 1253 1475 1299 dolor?

99 1327 324 1383 Quantum
355 1326 484 1372 decus
507 1325 771 1378 honestatis,
808 1326 884 1389 qui
923 1325 1130 1388 splendor
1155 1323 1330 1383 gratiae,
1374 1340 1475 1386 quae

98 1414 202 1443 cura
230 1397 401 1460 pictatis
421 1434 431 1451 ‚
455 1412 555 1459 quae
590 1397 636 1441 in
661 1396 960 1442 subveniendo
984 1394 1308 1448 misericordia,
1336 1393 1381 1438 in
1405 1395 1473 1453 ig-

98 1467 314 1512 noscendo
339 1465 655 1522 benevolentia,
674 1466 718 1511 in
738 1465 904 1511 orando
926 1466 1118 1510 fiducia?
1137 1463 1266 1520 Quod
1289 1463 1473 1510 salubri-

98 1546 161 1582 ter
183 1538 376 1589 sciebat,
408 1552 494 1599 qua
532 1535 742 1581 modestia
771 1536 1070 1598 loquebatur?
1100 1533 1231 1589 Quod
1262 1533 1473 1580 inutiliter

96 1606 339 1662 nesciebat,
374 1622 457 1668 qua
491 1605 714 1665 diligentia
752 1606 1064 1650 scrutabatur?
1103 1604 1304 1659 Quantus
1340 1603 1384 1647 in
1421 1620 1470 1649 co

95 1687 372 1739 contemptus
398 1692 538 1721 rerum
564 1675 880 1739 praesentium?
901 1675 1074 1730 Quanta
1094 1690 1189 1736 spes
1208 1709 1218 1725 ,
1245 1683 1286 1717 et
1307 1671 1471 1717 deside-

93 1746 206 1790 rium
235 1746 450 1791 bonorum
473 1757 733 1790 ⁴aetcrnorum
754 1747 770 1790 Ρ
795 1745 857 1788 Ne
882 1744 1039 1789 relictis
1063 1742 1268 1788 omnibus
1285 1741 1470 1787 saecula-

92 1816 213 1861 ribus
242 1816 487 1862 actionibus
509 1815 742 1878 susciperet
768 1814 988 1874 cingulum
1010 1814 1175 1858 militiae
1195 1813 1464 1869 christianae,

92 1887 316 1932 vinculum
346 1887 648 1949 praepediebat
669 1886 864 1931 uxorium
887 1923 897 1940 ,
920 1888 1108 1944 quojam
1133 1882 1364 1928 innodatus
1381 1900 1470 1929 coe-

90 1967 215 2019 perat
242 1958 555 2019 concupiscere
582 1955 774 2009 meliora,
792 1954 970 2018 quando
984 1958 1072 2014 jam
1099 1952 1464 2009 nonlicebatilla‚

90 2027 287 2089 quamvis
309 2025 509 2071 inferiora
525 2064 535 2079 ,
557 2025 842 2088 disrumpere.

156 2099 234 2143 lx.
263 2097 467 2153 Quodam
493 2096 562 2142 die
588 2095 719 2142 frater
744 2099 834 2155 ejus
857 2133 866 2151 ‚
893 2111 991 2140 cum
1009 2097 1100 2153 jam
1128 2093 1351 2157 pariterin
1371 2110 1468 2140 cus-

90 2167 207 2212 todia
233 2176 492 2219 tenerentur,
519 2167 576 2211 ait
601 2166 660 2211 illi
682 2184 692 2210 z
716 2188 735 2206 «
758 2166 800 2211 Si
817 2183 917 2224 crgo
934 2165 1029 2210 ἰι-ωε
1045 2182 1123 2227 pro
1146 2163 1307 2209 meritis
1324 2163 1468 2226 patior

88 2247 370 2300 pcccatorum
399 2253 591 2281 meorum
610 2254 620 2292 ς
642 2247 687 2281 tu
707 2273 716 2290 ,
738 2240 862 2295 cujus
887 2235 1017 2280 vitam
1043 2234 1260 2282 novimus.
1289 2244 1375 2299 tam
1396 2245 1466 2278 at-

93 2318 205 2353 tente
238 2306 560 2370 ferventerque¹
593 2307 914 2361 Christianam,
957 2305 1117 2368 quibus
1155 2303 1276 2349 malis
1303 2303 1466 2349 meritis

89 2378 144 2424 ad
174 2378 251 2423 ista
280 2376 519 2439 perductus
543 2380 648 2422 cs?»
676 2378 730 2422 At
774 2377 846 2422 illc
872 2394 881 2421 :
908 2397 926 2416 r<
948 2377 1222 2420 Parvum-nc
1240 2411 1251 2430 ,
1286 2373 1428 2437 iuquit
1452 2411 1463 2430 ,

88 2448 198 2494 mihi
225 2447 437 2493 existimas
460 2447 645 2493 conferri
675 2447 886 2494 divinitus
915 2446 1166 2492 benificium
1186 2481 1196 2494 .
1227 2446 1242 2508 (
1264 2444 1298 2490 si
1324 2455 1465 2490 tamen

86 2518 174 2566 hoc
195 2517 484 2564 testimonium
511 2527 633 2564 tuum
656 2516 710 2564 (le
729 2519 817 2565 vita
851 2534 942 2564 mea
965 2532 1115 2562 verum
1140 2525 1225 2572 est,
1250 2513 1266 2577 )
1303 2524 1351 2560 ut
1374 2514 1464 2562 hoc

137 2604 145 2625 ¹
168 2604 221 2638 Al.
245 2603 502 2646 srequcntrrque.
