1799 3251
309 290 400 336 330
730 304 762 333 S.
808 303 1049 334 tineosum
1089 303 1294 334 Errscori

310 380 421 416 tarer
442 406 454 425 ,
498 379 541 415 et
575 368 731 428 gratias
755 384 921 427 agerem
948 368 1066 431 quod.
1099 368 1226 414 nobis
1259 369 1462 416 omnibus
1494 371 1682 418 conferri

306 449 466 502 posset,
489 439 572 484 nisi
596 449 643 483 tu
669 438 857 483 breviter
875 440 1124 489 rescribere.
1151 455 1282 502 quam
1298 440 1557 504 respondere
1583 458 1683 487 ma-

303 509 462 555 luisses.
490 508 631 553 Credo
648 526 698 552 ne
713 507 932 570 superfluo
948 508 1178 563 laborares,
1197 510 1275 554 ubi
1288 527 1366 569 ego
1384 528 1530 567 essem,
1551 527 1682 574 quem

304 579 493 641 putabas
518 578 563 623 id
583 579 746 640 optime
771 579 897 633 scire,
916 578 1034 641 quod
1054 579 1123 624 ilie
1150 579 1422 641 quaesiverat.
1450 583 1564 626 Ecce
1585 580 1682 627 volo

306 659 354 693 ut
391 648 464 694 illa
499 649 706 693 sententia
734 648 861 693 etiam
896 665 989 694 mea
1025 649 1100 704 sit,
1128 648 1201 694 sed
1226 649 1422 696 nondum
1455 666 1541 695 esse
1569 667 1681 696 con-

306 718 450 764 firmo.

371 789 447 834 IX.
480 787 634 833 Misisti
659 787 713 833 ad
738 788 1073 852 mediscipuIOS,
1103 799 1149 834 ut
1173 806 1218 833 ea
1248 788 1426 836 doceam
1445 806 1546 853 quae
1571 806 1682 835 non-

305 857 409 902 dum
434 858 524 920 ipse
551 857 700 904 didici.
747 860 862 903 Doce
900 876 998 917 ergo
1024 859 1143 921 quod
1168 858 1362 906 doceam.
1391 861 1502 905 Nam
1526 869 1574 904 ut
1596 859 1681 905 do-

305 943 443 984 ceam,
466 927 592 973 multi
618 946 640 973 a
666 945 732 973 me
766 929 980 988 flagitant.
1011 930 1155 992 eisque
1177 946 1245 973 me
1280 929 1392 974 sicut
1419 929 1499 974 alia
1522 929 1678 986 multa,

303 1007 344 1041 et
360 997 443 1042 hoc
457 997 655 1056 ignorare
676 999 898 1044 confiteor.
927 1000 981 1043 Et
999 998 1175 1043 fortasse
1190 1000 1388 1062 quamvis
1410 999 1455 1044 in
1476 1016 1521 1043 os
1536 1016 1681 1045 meum

303 1066 666 1122 verecundentur,
697 1078 838 1113 tamen
861 1069 980 1130 apud
1004 1085 1045 1113 se
1065 1068 1218 1114 dicunt
1245 1087 1255 1113 :
1275 1091 1294 1110 c<
1314 1070 1382 1115 Tu
1417 1086 1458 1114 es
1482 1070 1682 1128 magister

304 1156 323 1175 2)
347 1136 389 1179 in
414 1135 574 1191 lsrael,
604 1146 645 1180 et
680 1137 778 1181 haec
802 1138 974 1196 ignoras
998 1138 1045 1182 29
1068 1159 1087 1178 n
1115 1137 1242 1193 Quod
1268 1138 1444 1201 quidem
1471 1139 1682 1184 Dominus

301 1206 338 1250 ei
371 1205 494 1261 dixit,
531 1207 607 1268 qui
639 1218 729 1251 erat
752 1224 862 1253 unus
886 1207 1078 1263 illorum,
1108 1225 1216 1271 quos
1253 1208 1499 1254 delectabat
1534 1211 1680 1255 vocari

301 1276 465 1321 Rabbi.
494 1276 619 1321 [Tnde
644 1280 772 1322 etiam
798 1278 851 1323 ad
876 1295 1023 1323 verum
1047 1279 1298 1337 magistrum
1332 1290 1458 1325 nocte
1485 1291 1676 1336 venerat,

302 1346 403 1407 quia
416 1345 602 1391 fortassis
618 1348 897 1393 erubescebat
918 1347 1096 1401 discere,
1115 1348 1191 1411 qui
1213 1348 1366 1393 docere
1386 1360 1676 1396 consueverat«.

299 1416 369 1460 Me
391 1427 530 1460 autem
546 1418 691 1479 potins
711 1418 960 1477 magistrum
1001 1418 1166 1472 audire,
1204 1435 1335 1481 quam
1372 1419 1490 1464 velut
1522 1420 1680 1478 magis-

300 1495 414 1532 trum
437 1485 621 1531 delectat
642 1487 796 1534 audiri.
829 1488 991 1533 Recolo
1017 1488 1132 1533 enim
1163 1488 1270 1550 quid
1293 1487 1448 1533 dixerit
1469 1490 1543 1543 eis,
1568 1505 1679 1551 quos

296 1573 389 1619 prae
413 1557 577 1602 caeteris
597 1558 721 1616 elegit
738 1594 748 1611 ,
775 1579 795 1599 a
814 1559 898 1605 Vos
915 1570 1074 1607 autem.
1105 1559 1265 1621 inquit,
1289 1558 1420 1604 nolite
1444 1560 1590 1605 vocari
1618 1560 1677 1606 ab

296 1649 317 1668 »
344 1627 596 1672 hominibus
615 1629 788 1674 Rabbi:
813 1647 924 1675 unus
943 1641 1003 1674 est
1015 1630 1127 1674 enim
1148 1631 1348 1688 magister
1363 1639 1513 1683 vester,
1530 1629 1677 1675 Chris-

295 1719 316 1741 »
345 1708 411 1742 tus
429 1697 460 1745 1.
487 1720 506 1740 1)
529 1700 618 1744 Nec
640 1700 744 1744 aiius
763 1699 914 1746 docuit
935 1704 1114 1763 Moysen
1140 1700 1266 1745 etiam
1293 1717 1373 1762 pro
1396 1700 1575 1752 Jethr03
1597 1717 1677 1746 nee

298 1768 404 1813 alius
433 1769 681 1814 Cornelium
701 1770 828 1814 etiam
848 1788 924 1832 per
944 1771 1132 1833 priorem
1152 1771 1350 1824 Petrum,
1376 1786 1453 1814 nec
1476 1769 1581 1814 alius
1598 1769 1677 1815 Pe-

296 1848 410 1883 trum
436 1839 562 1883 etiam
588 1856 664 1900 per
683 1840 956 1901 posteriorem
973 1841 1176 1886 Paulum.
1211 1842 1243 1885 A
1267 1857 1545 1902 quocumque
1561 1840 1675 1885 enim

296 1925 443 1954 Verum
471 1908 649 1959 dicitur,
675 1909 748 1954 illo
767 1911 955 1955 donante
982 1910 1160 1961 dicitur,
1185 1911 1261 1973 qui
1279 1923 1341 1955 est
1357 1911 1449 1973 ipsa
1480 1910 1632 1955 veritas
1660 1928 1671 1955 z

296 1979 415 2033 Quid
430 1980 461 2024 si
478 1980 574 2025 ideo
598 1979 745 2025 adhuc
765 1981 843 2025 ista
863 1982 1091 2035 nescimus,
1110 1993 1150 2026 et
1171 1998 1217 2025 ea
1236 1998 1374 2043 neque
1398 1980 1581 2036 orando,
1601 1998 1673 2026 ne-

294 2066 378 2111 que
405 2049 604 2108 legendo,
643 2067 781 2112 neque
812 2052 1043 2110 cogitando
1081 2063 1122 2096 et
1159 2050 1458 2096 ratiocinando
1482 2051 1675 2097 invenire

296 2119 538 2180 potuimus,
565 2131 609 2164 ut
632 2121 871 2182 probemur
886 2139 971 2166 non
996 2121 1134 2166 50111111
1155 2120 1355 2165 indoctos
1381 2131 1545 2183 quanta
1567 2121 1672 2166 cha-

293 2189 419 2234 ritate
441 2189 688 2241 doceamus,
706 2207 854 2236 verum
876 2208 897 2235 a
925 2191 1065 2237 doctis
1083 2191 1211 2237 etiam
1241 2201 1403 2253 quanta
1421 2190 1673 2237 humilitate

297 2258 546 2304 discamus?

360 2330 412 2375 X.
437 2330 553 2375 Doce
577 2347 676 2388 ergo
695 2367 704 2382 ‚
733 2346 902 2392 quaeso,
938 2330 1056 2393 quod
1095 2329 1292 2385 doceam,
1320 2330 1427 2376 doce
1454 2330 1574 2393 quod
1606 2341 1672 2376 te-

296 2416 437 2454 neam,
460 2411 500 2443 et
522 2400 593 2444 dic
609 2400 733 2455 mihi,
753 2400 784 2445 si
807 2401 961 2446 animae
981 2400 1228 2459 singillatim
1249 2400 1427 2460 singulis
1452 2400 1671 2464 hodieque

295 2470 571 2515 nascentibus
594 2470 723 2524 fiunt,
755 2470 829 2515 uhi
863 2471 906 2517 in
935 2471 1128 2533 parvulis
1150 2482 1349 2533 peccent,
1379 2481 1425 2516 ut
1450 2470 1671 2530 indigeant

291 2540 335 2584 in
360 2550 628 2584 sacramento
652 2540 816 2585 Christi
855 2541 1098 2586 remissione
1122 2541 1311 2604 peccati,
1350 2550 1579 2604 peccantes
1624 2541 1669 2586 in

340 2622 348 2642 ¹
369 2622 462 2652 Joan.
487 2629 533 2658 111,
558 2632 664 2653 ιο.-
684 2620 698 2643 ‘²
716 2621 834 2653 Manli.
857 2631 950 2661 xxm,
969 2626 997 2656 8.
