1799 3251
567 328 779 361 Epls'soLA
816 330 1007 361 chxvn.
1389 318 1482 378 409

183 394 298 442 XVI.
320 393 436 439 Illud
463 410 563 440 vero
589 394 706 458 quod
726 394 880 440 dicunt
901 412 1022 457 posse
1043 397 1264 442 hominem
1285 412 1371 441 esse
1394 396 1484 441 sine

116 475 320 530 peccato,
343 474 383 509 et
401 465 601 510 mandata
630 467 710 510 Dei
733 464 858 510 facile
877 466 1094 512 custodire
1123 467 1153 512 si
1175 466 1306 522 velit,
1334 482 1487 528 quam-

113 537 177 580 vis
201 552 300 581 cum
323 535 411 580 hoc
438 552 515 597 per
541 535 806 594 adjutorium
830 535 1003 595 gratiae,
1029 554 1129 600 quae
1150 547 1291 582 tamen
1315 553 1393 598 per
1411 535 1484 580 in-

114 605 408 650 carnationem
439 605 656 664 [nigeniti
683 607 775 666 ejus
810 605 994 651 revelata
1027 617 1155 670 atque
1192 606 1351 652 donata
1392 615 1481 660 est,

114 674 293 726 dicitur,
321 674 588 719 tolerabilius
618 675 705 720 <lici
735 674 935 720 videatur
959 691 968 719 :
1003 686 1143 721 tamen
1171 676 1376 739 quoniam
1399 691 1487 720 non

114 743 330 789 immerito
353 761 522 788 movere
536 754 676 807 potest
694 781 704 797 ‚
729 744 804 789 ubi
825 754 865 788 et
880 744 1054 806 quando
1072 762 1151 807 per
1175 744 1370 789 eamdem
1392 760 1488 803 gra-

108 814 212 859 tiam
235 814 276 858 id
304 814 517 859 efficiatur
548 816 590 860 in
620 815 769 871 nobis,
792 825 837 859 ut
863 815 951 859 sine
973 814 1061 859 ullo
1093 831 1270 877 prorsus
1305 823 1489 876 peccato

111 886 266 937 simus3
287 895 430 929 utrum
452 885 495 929 in
519 885 601 930 hac
621 887 707 930 vita
730 884 908 947 quando
934 902 1033 929 caro
1049 885 1322 947 concupiscit
1342 883 1490 929 adver-

112 972 181 1001 sus
208 956 408 1018 spiritum
425 954 461 1010 ’1,
495 974 548 1000 an
574 972 673 1001 vero
698 956 742 1000 in
766 955 840 1001 illa
859 972 959 1000 cum
992 958 1064 1001 fiet
1090 973 1227 1001 sermo
1251 956 1328 1018 qui
1348 954 1492 1016 scrip-

113 1035 180 1070 tus
202 1035 263 1069 est
292 1042 302 1068 ε
330 1045 349 1063 «
371 1025 456 1069 [bi
479 1035 565 1079 est,
597 1041 736 1080 mors,
777 1024 959 1070 victoria
986 1025 1091 1070 tua?
1125 1025 1203 1070 ubi
1236 1035 1297 1070 est
1315 1061 1325 1080 ,
1354 1040 1486 1079 mors,

113 1116 133 1136 ›>
159 1094 331 1139 aculeus
354 1098 482 1139 tuus?
505 1095 679 1140 aculeus
696 1096 808 1140 enim
831 1095 978 1140 mortis
998 1106 1059 1141 est
1083 1095 1341 1158 peccatum'2
1361 1111 1372 1140 :
1392 1116 1411 1135 >2
1428 1093 1492 1139 di-

110 1165 309 1224 ligentius
334 1165 689 1227 pertractandum
713 1176 895 1228 propter
922 1166 1025 1210 alios
1046 1165 1255 1229 quosdam
1283 1165 1358 1227 qui
1391 1181 1489 1209 sen-

113 1246 283 1290 serunt,
326 1246 453 1297 atque
488 1236 532 1280 in
572 1236 656 1281 suis
694 1236 847 1281 litteris
886 1237 1108 1281 mcmoriae
1147 1235 1487 1290 mandaverunt,

113 1305 240 1350 etiam
266 1306 311 1349 in
335 1305 418 1349 hac
436 1306 523 1350 vita
545 1323 631 1351 esse
653 1323 778 1368 posse
803 1306 1023 1351 hominem
1051 1306 1139 1351 sine
1163 1316 1374 1368 peccato,
1402 1321 1489 1349 non

114 1376 170 1420 ab
190 1375 313 1420 initio
338 1376 571 1421 nativitatis
597 1393 686 1422 suae
704 1414 714 1434 ‚
739 1375 812 1421 sed
849 1376 1127 1422 conversione
1162 1394 1182 1421 a
1208 1375 1398 1438 peccatis
1432 1373 1488 1420 ad

108 1446 343 1505 Justitiam,
367 1457 407 1490 et
429 1464 452 1491 a
482 1447 569 1492 vita
601 1446 789 1509 reproba
821 1446 875 1491 ad
907 1445 1067 1491 bonam
1091 1445 1238 1492 vitam.
1275 1446 1346 1491 Sic
1368 1445 1484 1490 enim

110 1515 409 1561 intellexerunt
427 1515 546 1579 quod
561 1516 613 1562 de
625 1515 838 1562 Zacharia
862 1526 902 1560 ct
928 1516 1121 1561 Elizabet
1148 1515 1360 1578 scriptum
1384 1524 1447 1560 est
1471 1531 1482 1558 :

116 1608 136 1628 »
164 1588 415 1633 Ambulasse
452 1605 522 1633 eos
560 1588 605 1633 in
645 1587 849 1633 omnibus
884 1587 1271 1646 justificationibus
1312 1584 1489 1632 Domini

116 1678 138 1699 ³>
161 1658 250 1702 sine
267 1658 439 1721 querela
455 1658 487 1704 3.
511 1680 530 1699 n
550 1658 646 1703 Hoc
662 1657 781 1721 quod
802 1657 968 1702 dictum
988 1667 1074 1701 est:
1099 1677 1117 1697 α
1139 1657 1238 1701 Sine
1257 1655 1453 1718 querela3
1470 1676 1491 1696 »

117 1728 205 1774 sine
230 1739 411 1791 peccato
436 1728 603 1774 dictum
630 1737 915 1790 acceperunt.
948 1744 1035 1771 non
1058 1726 1232 1789 quidem
1261 1735 1489 1785 negantes,

118 1799 205 1844 imo
233 1800 359 1844 etiam
383 1837 392 1855 ,
417 1799 537 1863 quod
564 1799 656 1844 aliis
682 1798 788 1843 locis
817 1798 860 1843 in
886 1798 1038 1843 litteris
1070 1814 1216 1842 corum
1251 1795 1488 1851 invenitur,

118 1870 189 1932 pie
223 1872 478 1915 confitentes
515 1869 782 1930 adjutorium
819 1869 967 1928 gratioe
1003 1868 1178 1912 Domini
1211 1866 1370 1922 nostri,
1407 1882 1494 1911 non

119 1957 199 2004 per
230 1940 470 1986 naturalem
511 1941 714 2004 spiritum
753 1939 966 1994 hominis,
1002 1938 1072 1983 sed
1098 1956 1175 2001 per
1205 1936 1493 2000 principalem

122 2011 335 2074 Spiritum
369 2011 461 2058 Dei.
497 2011 586 2067 Qui
617 2027 774 2074 parum
802 2009 1006 2056 videntur
1028 2008 1315 2054 considerasse
1347 2007 1493 2070 ipsum

123 2082 386 2128 Zachariam
410 2081 537 2127 fuisse
563 2083 715 2144 utique
736 2080 1000 2126 sacerdotem
1025 2097 1034 2123 :
1062 2096 1208 2124 omnes
1230 2088 1371 2123 autem
1388 2087 1496 2122 tunc

123 2151 363 2197 sacerdotes
392 2169 559 2197 necesse
587 2151 815 2196 habebant
837 2167 884 2195 ex
913 2152 1024 2209 Lege
1048 2149 1155 2204 Dei,
1184 2148 1385 2212 primitus
1414 2162 1496 2210 pro

124 2222 315 2286 peccatis
355 2221 440 2266 suis
481 2222 631 2267 offerre
669 2220 956 2276 sacrificium,
992 2219 1147 2264 deinde
1186 2235 1267 2282 pro
1292 2215 1489 2280 populi&

127 2293 250 2337 Sicut
272 2308 372 2352 ergo
397 2308 515 2337 nunc
550 2309 628 2354 per
663 2291 870 2337 orationis
901 2290 1162 2335 sacrificium
1193 2287 1500 2334 convincimur

126 2378 214 2406 non
240 2378 326 2406 esse
359 2361 448 2406 sine
482 2361 724 2424 peccato5‚
758 2360 965 2423 quoniam
997 2359 1105 2419 jussi
1142 2374 1289 2404 sumus
1316 2356 1494 2402 dicere:

128 2431 350 2477 «Dimitte
372 2431 498 2477 nobis
511 2431 658 2477 debita
677 2442 822 2477 nostra
842 2449 852 2475 :
876 2430 971 2475 »ita
990 2440 1032 2475 et
1058 2439 1164 2474 tunc
1188 2445 1266 2491 per
1287 2425 1501 2473 sacrificia

128 2501 406 2548 victimarum
438 2501 692 2549 animalium
728 2500 1105 2548 convincebantur
1137 2498 1378 2545 sacerdotes
1410 2496 1500 2541 sine

177 2601 187 2624 ¹
209 2601 311 2634 Galat.
330 2614 363 2640 V,
384 2613 488 2641 17.—
506 2600 520 2622 2
541 2613 550 2631 1
569 2603 643 2635 Cor.
661 2612 715 2647 xv,
736 2603 792 2636 55.
812 2621 855 2628 —
873 2599 1093 2635 ³Ambros.in
1111 2602 1186 2633 Luc.
1209 2610 1239 2642 1,
1261 2599 1294 2632 6.
1308 2614 1355 2622 —
1370 2589 1384 2614 ⁴
1399 2594 1502 2633 Le'v'ib

131 2667 276 2697 1x‚7.—
296 2654 309 2679 ⁵
325 2656 426 2691 Hebr.
449 2665 505 2696 vn,
526 2668 578 2698 17.
