1799 3251
583 244 792 275 EPJSTOLA
829 245 970 273 enm.
1371 234 1463 294 339

95 314 287 369 tolicam‚
314 313 505 359 divinam
517 311 776 390 ..claramque
796 309 1051 354 sententiam
1074 346 1085 364 ,
1115 309 1214 355 satis
1239 310 1460 357 evidenter

99 384 256 439 elucet,
280 382 494 429 neminem
515 381 633 428 irein
650 390 832 425 mortem
855 379 935 424 nisi
960 396 1038 441 per
1057 379 1226 435 Adam3
1249 382 1464 427 neminem

98 453 160 500 ire
177 453 222 498 in
241 452 373 498 vitam
392 449 720 506 aeternan],11isi
743 465 820 512 per
838 447 1078 495 Christum.
1101 449 1198 495 Hoc
1221 460 1281 495 est
1299 450 1467 514 quippe

100 523 300 568 «Omnes
338 532 380 567 et
401 538 567 575 omncs,
596 541 614 561 ›>
639 519 739 583 quin
764 518 874 564 sicut
895 535 1041 563 omnes
1059 518 1255 564 homines
1273 537 1351 583 per
1376 520 1473 583 pri-

100 610 235 649 mam,
263 592 350 638 hoc
381 603 456 648 est,
488 609 567 655 per
588 589 804 637 carnalem
835 589 1152 649 generationem
1177 590 1395 652 pertinent
1419 591 1474 638 ad

101 663 240 710 Adam
258 680 268 708 ε
291 663 352 708 sic
369 680 514 708 omnes
532 662 727 707 homines
746 659 798 705 ad
814 659 1064 713 secundam,
1084 659 1128 708 id
1145 670 1221 711 est,
1235 660 1472 723 spiritalem

100 733 415 794 generationem
453 732 651 787 veniunt,
678 730 945 793 quicumque
973 728 1026 773 ad
1051 728 1276 775 Christum
1318 747 1474 793 perve-

97 805 239 853 niunt.
262 803 364 849 Ideo
380 820 479 862 ergo
497 803 663 848 dictum
680 811 754 857 est,
770 811 812 846 et
832 800 924 857 hic,
941 820 962 842 <‹
976 800 1157 854 Omnes,
1182 810 1224 845 et
1252 800 1333 856 ibi,
1351 801 1469 846 Om-

102 895 123 916 »
143 891 216 923 nes
239 891 250 918 z
273 874 407 936 »quia
424 874 536 919 sicut
555 889 701 918 omnes
716 871 791 934 qui
813 871 1071 925 moriuntur,
1091 870 1316 915 nonnisiin
1334 870 1474 917 Adam

100 944 351 993 moriuntur
372 963 387 988 .·
432 944 492 989 ita
523 959 672 988 omnes
697 942 775 1004 qui
800 941 1167 996 vivificabuntur,
1208 940 1379 986 nonnisi
1428 941 1473 986 in

101 1013 278 1059 Christo
293 1013 649 1060 vivificabuntur.
677 1016 740 1057 Ac
760 1028 836 1073 per
852 1011 956 1066 hoc,
984 1010 1179 1073 quisquis
1204 1010 1332 1055 nohis
1352 1010 1476 1056 dixe-

101 1083 176 1139 rit,
224 1100 489 1146 quemquam
521 1083 566 1127 in
596 1081 907 1127 resurrectione
945 1091 1219 1125 mortuorum
1262 1080 1474 1128 vivificari

103 1171 242 1218 posse,
263 1153 344 1199 nisi
360 1154 402 1199 in
419 1153 616 1208 Christo,
636 1163 843 1215 tanquam
866 1151 994 1214 pestis
1007 1152 1023 1179 2
1042 1152 1286 1196 communis
1300 1151 1386 1196 fide
1403 1151 1476 1197 de-

102 1225 322 1270 testandus
340 1234 415 1270 est.
438 1225 547 1268 Item
565 1223 762 1287 quisquis
783 1223 952 1279 dixerit,
976 1220 1095 1286 quod
1111 1222 1154 1267 in
1174 1221 1351 1267 Christo
1365 1221 1472 1268 vivi-

102 1295 357 1342 ficabuntur
376 1295 502 1341 etiam
526 1294 715 1357 parvuli,
743 1294 925 1357 quisine
943 1292 1200 1339 sacramenti
1218 1295 1309 1351 ers
1334 1292 1477 1355 parti-

103 1365 320 1429 cipatione
332 1365 462 1410 devia
473 1375 638 1418 exeunt,
654 1364 726 1408 hic
740 1363 939 1426 profecto
958 1374 998 1408 et
1023 1373 1174 1408 contra
1188 1363 1472 1424 apostolicam

102 1435 460 1499 praedicauonem
474 1434 608 1487 venit,
630 1445 671 1480 et
689 1445 821 1479 totam
844 1434 1107 1479 condemnat
1127 1432 1382 1487 Ecclesiam,
1398 1434 1474 1479 uhi

102 1516 333 1568 propterea
362 1522 462 1550 cum
488 1503 763 1567 baptizandis
791 1504 984 1567 parvulis
1006 1503 1236 1548 festinatur
1260 1511 1302 1548 et
1325 1503 1463 1549 curri-

104 1585 190 1633 tur,
206 1576 308 1639 quia
327 1574 564 1620 sinedubio
581 1575 773 1620 creditur
791 1575 910 1620 aliter
925 1592 996 1620 cos
1011 1574 1054 1619 in
1072 1573 1248 1618 Christo
1260 1574 1474 1621 vivificari

103 1647 280 1693 omnino
301 1664 384 1692 non
406 1663 543 1710 posse.
571 1647 659 1702 Qui
681 1657 823 1691 autem
845 1664 933 1692 non
954 1644 1202 1691 vivificatur
1221 1646 1265 1689 in
1284 1644 1476 1700 Christo,

103 1728 233 1764 restat
251 1718 355 1763 utin
374 1735 422 1763 ea
443 1717 801 1763 condemnatione
822 1727 1008 1771 maneat,
1031 1714 1084 1760 de
1104 1731 1187 1777 qua
1212 1714 1319 1760 dicit
1339 1717 1476 1779 Apos-

104 1787 216 1834 tolus
238 1806 248 1833 :
282 1790 404 1833 «Per
428 1788 553 1833 unius
589 1787 797 1833 delictum
829 1787 871 1833 in
897 1804 1044 1833 omnes
1072 1785 1265 1831 homines
1289 1785 1342 1831 ad
1368 1803 1478 1831 con-

106 1881 126 1902 »
149 1859 470 1905 demnationem
494 1859 526 1906 ¹.
555 1882 574 1900 ›>
597 1859 679 1904 Cui
714 1859 872 1905 delicto
891 1857 1098 1904 obnoxios
1113 1857 1320 1919 parvulos
1340 1859 1475 1912 nasci,

105 1940 146 1977 et
165 1930 459 1994 omnissscredit
478 1930 687 1985 Ecclesia,
722 1940 763 1975 et
794 1929 989 1993 ipsejam
1016 1937 1167 1973 contra
1195 1927 1478 1973 Jovinianum

106 2000 347 2064 disputans,
376 2011 417 2046 et
446 2017 661 2064 exponens
692 2001 847 2045 Jonam
883 1997 1173 2062 prophetam,
1202 1997 1313 2043 sicut
1344 1998 1476 2061 paulo

106 2082 203 2117 ante
224 2071 578 2125 commemoravi,
606 2070 690 2116 side
724 2070 996 2116 veracissima
1033 2068 1242 2113 definisti:
1269 2069 1399 2114 eredo
1437 2080 1479 2115 et

105 2141 150 2187 in
167 2141 257 2187 aliis
281 2142 386 2188 locis
401 2141 733 2205 Opusculorum
758 2151 954 2196 tuorum,
980 2155 1079 2201 quse
1101 2138 1169 2183 vel
1193 2139 1388 2199 nonlegi,
1410 2141 1478 2186 vel

105 2212 150 2257 in
175 2213 404 2274 praesentia
428 2230 514 2258 non
535 2211 751 2259 recordor.
782 2212 924 2270 Hujus
956 2210 1088 2268 igitur
1116 2209 1407 2256 damnationis
1431 2213 1477 2260 in

105 2283 299 2346 parvulis
318 2300 491 2329 causam
511 2283 709 2345 requiro;
730 2281 833 2345 quia
854 2297 993 2344 neque
1012 2279 1272 2337 animarum,
1295 2282 1329 2327 si
1353 2300 1476 2328 novae

107 2355 220 2399 fiunt
236 2354 414 2414 singulis
435 2353 631 2414 singulae,
662 2353 789 2398 video
813 2369 898 2397 csse
914 2350 1049 2397 nilum
1075 2351 1117 2395 in
1139 2351 1208 2396 illa
1231 2363 1356 2397 aetate
1378 2371 1474 2416 pec·

106 2434 272 2481 catum,
300 2442 377 2471 nec
402 2443 423 2470 a
462 2426 553 2470 Deo
579 2422 779 2470 damnari
814 2422 1003 2486 aliquam
1032 2420 1162 2467 credo
1203 2439 1334 2486 quam
1360 2423 1477 2471 videt

110 2494 278 2545 nullum
298 2495 460 2547 habere
480 2510 725 2560 peccatum.

156 2578 165 2600 ¹
186 2578 336 2611 Thuanus
350 2582 419 2613 MS.
443 2579 549 2611 hostis.
569 2597 609 2604 —
626 2577 640 2600 ²
655 2580 752 2611 Rom.
768 2587 797 2617 v,
819 2576 876 2611 ιθ.

1236 2649 1306 2680 ΩἿ.
