1799 3251
620 288 832 321 ΕΡῙεΤοιΑ
868 291 970 322 cmx
1392 279 1481 342 287

115 353 263 411 edere,
286 365 327 400 et
344 354 582 400 multorum
598 353 779 401 fratrum
799 356 1138 418 expectationem
1159 374 1244 404 non
1253 360 1344 418 jam
1357 358 1489 419 longa

117 425 408 489 disputatione
424 424 697 488 suspendere.

182 497 263 543 llI.
294 495 494 541 Narrabo
517 505 659 541 autem
681 511 816 542 unum
844 496 1010 560 aliquid
1031 498 1222 544 breviter
1239 498 1355 544 unde
1373 497 1492 557 cogi-

118 578 177 613 tes
198 584 208 612 :
232 568 379 612 Frater
400 576 543 612 noster
570 565 822 612 Gennadius
839 603 850 623 ,
874 567 1121 613 notissimus
1142 568 1230 614 fere
1248 569 1452 614 omnibus
1472 605 1483 623 ,

116 637 330 700 nobisque
349 636 630 683 charissimus
652 636 870 691 medicus,
895 637 972 700 qui
1002 654 1121 683 nunc
1154 638 1272 701 apud
1300 637 1490 683 Cartha-

117 707 259 768 ginem
285 706 428 767 degit,
456 718 497 753 et
529 709 684 753 Romae
720 723 808 752 suae
846 707 947 752 artis
972 707 1273 753 exercitatione
1294 706 1492 770 praepol-

116 778 224 833 luit,
248 787 296 823 ut
309 777 533 823 hominem
554 778 798 838 religiosum
817 776 928 823 nosti
948 815 957 833 ,
977 788 1107 841 atque
1127 794 1224 837 erga
1243 793 1491 841 pauperum

118 867 267 896 curam
290 850 477 913 impigra
505 849 801 897 misericordia
834 849 1129 914 facillimoque
1167 851 1310 896 animo
1334 851 1492 910 benig-

118 921 372 977 nissimum,
402 921 636 966 dubitabat
667 932 806 966 tamen
834 919 1094 984 aliquando,
1131 931 1180 967 ut
1206 920 1332 966 modo
1368 920 1496 966 nobis

110 990 287 1047 retulit,
317 1006 417 1037 cum
443 990 591 1037 adhuc
616 1000 721 1037 esset
753 989 1004 1037 adolescens
1023 1033 1035 1047 ‚
1063 1002 1104 1037 et
1128 991 1172 1036 in
1205 990 1274 1037 his
1301 990 1493 1036 eleemo-

114 1061 229 1125 synis
251 1060 611 1119 ferventissimus,
631 1071 780 1107 utrum
804 1072 909 1107 esset
936 1061 1022 1107 ulla
1050 1061 1137 1107 vita
1162 1071 1261 1124 post
1286 1071 1486 1107 mortem.

116 1131 259 1192 Hujus
294 1131 428 1193 igitur
463 1143 650 1179 mentem
693 1143 735 1178 et
771 1149 904 1196 opera
939 1132 1248 1178 misericordiae
1284 1131 1493 1195 quoniam

117 1203 232 1248 Deus
255 1201 377 1249 nullo
401 1203 533 1249 modo
552 1203 792 1258 desereret,
826 1203 1033 1267 apparuit
1048 1203 1112 1248 illi
1128 1203 1174 1249 in
1188 1202 1349 1248 somnis
1367 1218 1493 1247 cons-

118 1273 275 1336 picuus
295 1273 468 1333 juvenis
501 1284 543 1319 et
568 1273 724 1333 dignus
759 1273 954 1328 intendi,
981 1273 1104 1336 eique
1138 1273 1277 1319 dixit:
1308 1272 1496 1335 Sequere

119 1360 203 1391 me.
247 1344 389 1400 Quem
428 1343 536 1389 dum
559 1354 824 1408 sequeretur,
856 1344 974 1390 venit
998 1343 1050 1389 ad
1074 1343 1310 1407 quamdam
1334 1343 1495 1388 civita-

124 1424 207 1460 tem
222 1452 232 1466 ,
259 1412 338 1460 ubi
362 1414 510 1460 audire
531 1414 668 1477 coepit
688 1432 710 1459 a
732 1413 901 1460 dextera
934 1425 1055 1478 parte
1077 1430 1203 1459 sonos
1234 1412 1497 1458 suavissimae

124 1486 353 1531 cantilenae
379 1485 490 1531 ultra
513 1485 683 1532 solitam
717 1495 950 1549 notamque
973 1485 1243 1532 suavitatem.
1271 1485 1398 1529 Tunc
1428 1482 1500 1528 ille

124 1556 290 1603 intento
310 1556 517 1620 quidnam
538 1566 667 1614 esset,
686 1556 743 1602 ait
761 1593 770 1612 ‚
791 1556 981 1619 hymnos
1004 1572 1090 1601 esse
1113 1557 1346 1601 Beatorum
1372 1564 1501 1616 atque

126 1626 400 1674 Sanctorum.
433 1627 615 1673 Sinistra
637 1637 779 1673 autem
802 1637 925 1690 parte
947 1626 1054 1690 quid
1078 1643 1120 1672 se
1143 1625 1298 1672 vidisse
1322 1624 1497 1679 retulit,

128 1713 216 1743 non
236 1697 338 1742 satis
355 1697 547 1744 memini.
573 1697 829 1757 Evigilavit,
851 1707 893 1741 et
911 1696 1127 1741 somnium
1154 1695 1289 1755 sugit,
1316 1704 1502 1740 tantum—

130 1783 214 1830 que
239 1767 291 1812 de
314 1766 389 1812 illo
409 1804 419 1818 ,
448 1777 661 1830 quantum
687 1765 740 1812 de
764 1765 930 1811 somnio
953 1765 1172 1825 cogitavit.

197 1837 271 1884 IV.
309 1837 403 1883 Alia
418 1855 518 1884 vero
535 1848 661 1883 nocte
676 1874 686 1893 ,
707 1854 805 1883 ecce
827 1836 939 1882 idem
959 1836 1048 1900 ipse
1062 1835 1231 1896 juvenis
1249 1833 1385 1880 eidem
1405 1849 1506 1878 rur.-

133 1923 202 1953 sus
229 1908 462 1971 apparuit,
489 1919 618 1972 atque
645 1908 698 1953 ab
736 1907 811 1953 illo
838 1918 984 1953 utrum
1009 1916 1340 1967 cognosceretur
1366 1905 1504 1950 inter-

135 1980 300 2039 rogavit
325 1995 335 2024 :
364 1979 588 2043 respondit
611 1980 688 2024 iste
701 1977 821 2042 quod
839 1995 936 2024 eum
955 1978 1065 2023 bene
1090 1977 1301 2042 planeque
1321 1991 1508 2035 cognos-

137 2060 264 2097 ceret.
297 2049 425 2096 Tunc
448 2050 518 2096 ille
543 2050 775 2114 quaesivit,
804 2049 882 2094 ubi
906 2065 947 2094 se
980 2059 1136 2095 nosset.
1177 2048 1267 2093 Nec
1291 2045 1508 2091 memoriae

137 2117 276 2165 defuit
297 2120 406 2184 quid
422 2121 499 2166 iste
525 2119 763 2167 identidem
788 2118 1090 2183 responderet,
1120 2128 1348 2180 totumque
1369 2116 1510 2162 visum

138 2188 248 2237 illud
267 2190 543 2256 hymnosque
561 2193 840 2248 Sanctorum,
863 2190 918 2235 ad
933 2207 1041 2253 quos
1063 2187 1298 2235 audiendos
1315 2204 1383 2232 eos
1400 2186 1512 2232 duce

140 2271 339 2316 venerat,
376 2279 462 2325 qua
500 2262 813 2308 recentissimos
837 2260 1153 2306 recordabatur
1176 2257 1383 2304 facilitate
1404 2273 1511 2302 nar-

142 2331 266 2378 ravit.
287 2333 370 2378 Hic
391 2332 463 2378 ille
494 2342 776 2396 percontatus
801 2341 891 2387 est,
925 2341 1176 2376 utrumnam
1201 2327 1245 2373 id
1267 2327 1388 2390 quod
1408 2343 1513 2373 nar-

144 2413 341 2460 raverat,
376 2403 421 2449 in
447 2403 605 2449 somnis
635 2402 831 2457 vidisset,
866 2419 920 2447 an
956 2401 1134 2460 vigilans
1158 2416 1168 2444 :
1195 2398 1441 2461 respondit,
1468 2397 1514 2443 in

146 2473 319 2521 somnis,
357 2475 412 2520 At
451 2473 520 2519 ille
552 2492 561 2518 ε
590 2477 728 2528 Rene,
757 2473 927 2535 inquit,
964 2471 1114 2517 recolis
1144 2488 1153 2515 :
1185 2485 1333 2515 verum
1359 2479 1441 2523 est,
1468 2469 1515 2513 in

148 2543 307 2589 somnis
329 2544 403 2590 illa
435 2545 577 2592 vidisti
599 2565 609 2598 ;
637 2543 710 2589 sed
735 2543 864 2589 etiam
897 2559 1015 2588 nunc
1051 2542 1095 2587 in
1129 2540 1289 2586 somnis
1313 2550 1352 2584 te
1374 2539 1520 2584 videre

151 2614 270 2661 scias.
301 2615 409 2662 Haec
433 2632 534 2662 cum
554 2614 740 2661 audisset
766 2614 843 2659 iste
860 2651 871 2670 ,
895 2614 954 2659 ita
973 2629 1058 2658 esse
1084 2610 1269 2657 credidit
1285 2647 1294 2663 ‚
1325 2621 1452 2673 atque
1474 2608 1519 2655 id
