1799 3251
387 286 442 333 18
799 299 839 327 s.
876 298 1121 329 Auensrmi
1152 300 1357 330 EPISCOPI

380 367 522 413 servili
556 366 715 412 discere
740 364 991 410 deberemus
1012 401 1021 418 ,
1050 364 1157 426 quid
1181 365 1227 410 111
1251 364 1335 410 hac
1360 365 1449 410 vita
1473 374 1752 410 contemnen-

380 438 486 484 dum
506 474 516 493 ,
544 447 585 482 et
607 435 712 499 quid
736 435 780 480 in
797 433 877 479 alia
906 434 1165 496 sperandum
1189 445 1315 489 esset,
1338 435 1381 480 111
1411 436 1502 498 ipsa
1524 433 1747 497 passione,

380 507 426 554 in
447 524 533 571 qua
565 506 647 551 sibi
675 509 764 565 ejus
786 505 829 549 in
860 504 976 549 imici
999 505 1141 563 magni
1161 505 1431 569 victoresque
1457 505 1748 559 videbantur,

379 579 566 640 suscepit
592 592 741 622 vocem
760 574 1021 620 infirmitatis
1051 585 1209 619 nostrae
1225 612 1235 631 ,
1264 592 1348 637 qua
1374 575 1502 620 simul
1528 574 1753 633 crucifige-

378 648 510 693 batur
541 657 659 692 vetus
676 645 808 690 homo
830 654 987 698 noster,
1015 654 1063 689 ut
1085 655 1368 690 evacuaretur
1384 661 1544 707 corpus
1556 642 1746 707 peccati,

378 729 421 764 et
443 718 576 772 dixit,
600 738 620 758 «
644 718 759 761 Deus
782 732 900 760 meus
922 753 932 771 ,
962 717 1077 760 Deus
1100 732 1216 760 meus
1238 753 1247 769 ,
1280 726 1324 761 ut
1353 715 1461 778 quid
1491 732 1558 760 me
1585 713 1746 759 dereli-

384 810 404 831 »
425 787 581 852 quistil
601 791 619 833 ,Ὁ
642 809 660 827 υ
687 787 741 830 Et
765 785 849 831 hoc
870 802 1005 830 unum
1023 785 1075 830 de
1095 786 1288 848 quinque
1304 785 1535 848 propositis
1551 785 1649 830 tuis,
1675 784 1748 830 Sic

374 859 531 921 incipit
545 857 742 903 Psalmus
754 857 980 901 vicesimus
994 857 1179 918 primus,
1195 857 1267 918 qui
1285 857 1337 901 de
1351 856 1546 919 passione
1561 855 1694 919 ipsius
1708 864 1750 900 et

378 929 635 975 revelatione
660 927 822 987 gratian,
838 944 965 989 quam
992 926 1194 971 fidelihus
1208 925 1749 989 faciendisliberandisque

380 999 551 1053 attulit,
576 999 619 1043 in
639 997 872 1060 prophetia
900 1007 1019 1041 tanto
1041 1006 1138 1041 ante
1161 1007 1358 1043 cantatus
1382 1008 1458 1044 est.

439 1069 534 1114 XV.
560 1067 749 1113 Proinde
783 1066 981 1112 eumdem
1014 1066 1261 1123 psalmum,
1306 1071 1430 1127 cujus
1468 1067 1749 1131 prophetiam

377 1139 590 1186 Dominus
605 1138 658 1183 ad
680 1155 722 1183 se
741 1138 954 1200 pertinere
978 1137 1297 1193 demonstrans,
1325 1143 1416 1198 ejus
1432 1139 1628 1202 primum
1651 1155 1752 1184 Ver-

378 1226 471 1255 sum
496 1208 773 1258 exclamavit,
802 1224 902 1252 cum
923 1207 1130 1269 penderet
1149 1207 1337 1267 inligno,
1368 1208 1752 1254 commemorando

383 1279 720 1343 exponendoque
748 1295 999 1340 percurram
1021 1315 1031 1333 ,
1056 1288 1102 1322 ut
1129 1295 1174 1323 ex
1198 1278 1284 1324 hoc
1303 1279 1512 1339 intelligas
1537 1278 1754 1343 quemad-

382 1348 562 1395 modum
582 1348 716 1408 gratia
752 1348 1017 1392 Testamenti
1044 1347 1156 1393 Novi
1180 1365 1258 1393 nec
1277 1366 1325 1394 eo
1356 1359 1550 1412 tempore
1576 1349 1756 1395 taceba-

387 1431 487 1476 tur,
514 1418 689 1482 quando
713 1418 757 1463 in
781 1418 929 1463 Vetere
952 1417 1191 1464 velabatur.
1221 1418 1393 1464 Dicitur
1425 1420 1539 1464 enim
1572 1436 1619 1464 ex
1650 1436 1754 1482 per-

383 1508 487 1537 sona
524 1489 687 1536 Christi
704 1527 714 1545 ,
751 1488 870 1552 quod
906 1488 959 1533 ad
988 1487 1172 1534 formam
1215 1490 1322 1534 servi
1361 1490 1512 1535 attinet
1531 1527 1540 1545 ‚
1580 1490 1625 1535 in
1669 1506 1757 1553 qua

381 1562 640 1626 portabatur
665 1571 806 1605 nostra
827 1559 1066 1604 infirmitas.
1092 1560 1212 1605 Dixit
1241 1560 1353 1605 enim
1380 1571 1420 1606 et
1438 1560 1490 1605 de
1512 1559 1587 1605 illo
1609 1560 1754 1615 Isaras,

386 1654 407 1674 «
428 1631 506 1678 Ille
527 1632 798 1677 infirmitates
821 1640 987 1674 nostras
1018 1640 1180 1692 portat,
1213 1641 1254 1675 et
1272 1648 1353 1693 pro
1380 1631 1504 1676 nobis
1525 1631 1569 1676 in
1591 1629 1758 1676 dolori-

389 1726 410 1745 »
427 1704 510 1748 bus
534 1713 597 1747 est
614 1702 645 1746 2.
667 1724 685 1743 »
719 1703 777 1746 Ex
806 1701 937 1760 hujus
978 1700 1109 1759 igitur
1135 1701 1400 1746 infirmitatis
1425 1718 1532 1747 voce
1550 1738 1560 1757 ‚
1596 1702 1650 1747 de
1673 1717 1761 1764 qua

388 1773 550 1820 Paulus
576 1773 619 1818 in
645 1789 694 1817 eo
722 1771 839 1834 quod
864 1771 1039 1834 petebat
1063 1788 1149 1816 non
1174 1772 1419 1827 exauditus,
1452 1783 1494 1817 et
1526 1771 1623 1817 ideo
1646 1788 1761 1834 quo-

389 1844 491 1890 dam
509 1843 638 1888 modo
657 1842 886 1887 derelictus
905 1879 915 1897 ‚
953 1841 1074 1886 audit
1094 1854 1235 1887 tamen
1263 1861 1285 1887 a
1311 1843 1521 1897 Domino,
1552 1864 1571 1884 c<
1593 1841 1763 1888 Sufficit

392 1936 412 1957 ›>
434 1914 514 1959 tibi
539 1913 672 1973 gratia
698 1930 789 1957 mea
807 1931 816 1968 ς
833 1929 930 1956 nam
959 1912 1094 1957 virtus
1114 1913 1156 1957 iu
1171 1913 1420 1957 infirmitate
1441 1912 1693 1975 perficiturss
1714 1929 1763 1957 ε»

391 2003 438 2031 ex
461 2002 566 2031 voce
587 2001 687 2044 ergo
710 1983 840 2043 hujus
862 1983 1126 2028 infirmitatis
1154 1994 1331 2037 nostrae‚
1348 2000 1479 2047 quam
1501 1984 1544 2029 in
1562 2001 1603 2029 se
1620 1994 1764 2029 trans-

391 2056 595 2116 figuravit
619 2065 752 2117 caput
776 2065 973 2098 nostrum
993 2090 1003 2108 ,
1025 2053 1188 2099 dicitur
1210 2054 1254 2099 in
1276 2055 1362 2099 hoc
1382 2053 1554 2099 Psalmo
1574 2091 1584 2110 ,
1606 2075 1626 2095 «
1648 2056 1765 2099 Deus

397 2148 416 2169 ›>
437 2143 578 2179 meus,
620 2126 734 2169 Deus
773 2140 894 2168 meus
928 2123 1091 2186 respice
1126 2124 1170 2169 in
1206 2141 1305 2179 1110,
1342 2141 1475 2187 quare
1508 2141 1576 2169 me
1606 2123 1766 2169 dereli-

394 2219 414 2240 ›>
430 2195 606 2261 quisti&
630 2217 648 2236 ›>
674 2196 723 2239 ln
742 2211 790 2239 00
816 2194 981 2256 quippe
1005 2193 1320 2257 derelinquitur
1340 2194 1596 2257 deprecans,
1613 2194 1658 2239 in
1677 2210 1766 2258 quo

394 2285 481 2313 non
507 2265 744 2312 exauditur.
782 2265 907 2309 Hanc
931 2265 976 2308 111
1003 2281 1044 2308 se
1075 2281 1223 2309 vocem
1258 2265 1580 2324 transfiguravit
1610 2268 1730 2310 Jesus
1751 2300 1762 2320 ‚

396 2355 545 2384 vocem
565 2335 727 2382 scilicet
753 2335 945 2397 corporis
974 2334 1057 2390 sui,
1085 2334 1172 2380 hoc
1199 2346 1276 2390 est,
1309 2335 1512 2380 Ecclesiae
1539 2352 1628 2381 suae
1649 2353 1672 2381 a
1691 2352 1768 2381 ve-

397 2424 483 2459 tere
504 2410 679 2457 homine
702 2408 746 2453 in
766 2424 926 2453 novum
947 2405 1252 2464 reformandae,
1278 2425 1428 2453 vocem
1455 2408 1618 2454 scilicet
1640 2408 1767 2454 infir-

399 2483 559 2532 mitatis
582 2497 669 2527 suae
687 2480 893 2525 humanae
912 2479 983 2523 cui
1007 2478 1256 2538 deneganda
1279 2478 1446 2525 fuerant
1465 2479 1581 2526 bona
1605 2479 1768 2527 Veteris

450 2583 460 2605 ¹
491 2585 582 2614 Rom.
615 2592 670 2620 vx,
694 2581 725 2609 6.
750 2596 791 2602 ——-
818 2576 833 2599 2
859 2578 932 2610 Isa'i.
955 2588 1038 2616 mn,
1069 2584 1100 2614 4.
1135 2596 1177 2602 --
1204 2575 1219 2601 3
1253 2590 1270 2609 2
1299 2580 1373 2611 Cor.
1403 2590 1470 2618 xit,
1501 2591 1534 2621 9.
1569 2597 1611 2604 —
1637 2576 1651 2602 ⁴
1685 2578 1767 2613 Psal.

398 2652 478 2680 xxi,
499 2651 530 2671 α.
