1799 3251
301 309 394 366 408
703 326 738 356 s.
783 324 1025 357 Aususrmr
1061 324 1278 358 Eprscom.

301 390 399 452 ipso
422 390 544 450 Legis
566 394 703 450 justos
723 401 868 454 patres
893 408 939 436 ex
964 392 1050 437 fide
1079 392 1270 438 viventes
1297 410 1383 439 non
1415 392 1674 457 possibilitas

303 471 472 505 naturae
508 460 692 506 infirmae
723 471 764 505 et
793 460 953 520 indigae
976 479 1024 506 ac
1047 462 1208 506 vitiatae
1229 472 1269 506 et
1293 463 1373 508 sub
1394 473 1572 526 peccato
1597 479 1674 507 ve-

306 530 554 587 numdatae,
583 530 653 576 sed
674 531 750 576 Dei
770 531 905 590 gratia
929 549 1005 594 per
1027 531 1156 576 fidem
1173 533 1443 591 justificabat
1460 570 1470 587 ,
1494 543 1536 578 et
1560 549 1677 577 nunc

303 599 451 645 eadem
480 602 522 645 in
545 611 743 664 apertum
769 605 860 661 jam
884 601 1056 647 veniens
1084 602 1268 647 revelata
1295 603 1507 662 justificat
1535 620 1545 646 :
1575 618 1682 647 ana-

307 669 471 714 themet
490 687 588 729 ergo
620 671 817 730 Pelagius
843 671 1003 734 scripta
1026 688 1126 728 sua,
1157 672 1235 717 ubi
1269 683 1421 717 contra
1453 689 1543 717 eam
1565 708 1577 728 ,
1608 670 1685 715 etsi

306 757 390 784 nou
415 757 490 802 per
508 742 828 786 contumaciam
847 779 857 797 ,
884 752 1026 787 tamen
1050 742 1427 805 perignorantiam
1455 742 1676 805 disputat,

303 810 634 872 possibilitatem
657 811 929 857 defendendo
954 823 1122 857 naturae
1148 812 1201 857 ad
1225 813 1437 859 vincenda
1463 822 1644 876 peccata
1663 847 1673 866 ‚

303 892 341 926 et
362 881 584 943 implenda
610 881 812 927 mandata
836 900 845 927 ε
871 893 943 928 aut
961 883 992 927 si
1011 900 1056 928 ea
1076 900 1151 928 sua
1177 901 1262 929 esse
1281 894 1406 943 negat
1422 921 1432 940 ‚
1455 893 1528 928 aut
1543 882 1678 944 scrip-

302 951 355 996 tis
380 951 466 996 suis
483 951 538 996 ab
557 951 743 997 inimicis
764 953 849 998 suis
870 952 977 997 dicit
1000 953 1188 999 immissa
1213 971 1313 1016 quae
1333 971 1408 999 sua
1423 971 1508 998 esse
1527 961 1676 1012 negat,

305 1021 555 1066 anathemet
584 1039 632 1067 ea
663 1032 806 1067 tamen
833 1033 874 1068 et
898 1023 1074 1068 damnet
1109 1034 1287 1086 paterna
1315 1023 1612 1068 exhortatione
1641 1031 1682 1066 et

308 1091 563 1136 auctoritate
584 1091 882 1137 sanctimoniae
903 1103 1003 1138 tuae.
1031 1093 1074 1138 Si
1096 1093 1189 1139 vult
1212 1111 1311 1153 ergo
1331 1109 1556 1139 onerosum
1578 1091 1678 1147 sibi,

305 1171 347 1205 ct
370 1161 664 1223 perniciosum
690 1162 897 1207 Ecclesiae
917 1162 1056 1207 discat
1076 1163 1328 1208 scandalum
1349 1163 1534 1214 auferre,
1562 1160 1683 1225 quod

307 1230 561 1276 scandalum
593 1231 809 1278 auditores
835 1243 876 1278 et
897 1232 941 1278 in
965 1250 1214 1296 perversum
1250 1234 1476 1279 dilectores
1495 1236 1586 1292 ejus
1609 1249 1682 1277 us-

305 1318 562 1365 quequaque
593 1319 792 1366 spargere
812 1320 900 1348 non
925 1303 1168 1366 quiescunt.
1202 1304 1245 1348 Si
1267 1304 1380 1349 enim
1404 1302 1685 1363 cognoverint

306 1371 504 1417 eumdem
523 1372 686 1418 librum
702 1408 712 1430 ,
729 1390 860 1436 quem
884 1373 1000 1419 illius
1024 1373 1091 1419 vel
1114 1385 1276 1437 putant
1298 1392 1383 1420 esse
1405 1373 1470 1419 vel
1494 1383 1677 1427 norunt,

307 1442 618 1505 episcoporum
642 1444 964 1489 catholicorum
994 1446 1251 1490 auctoritate
1267 1483 1277 1501 ,
1306 1455 1345 1490 et
1371 1445 1550 1490 maxime
1565 1458 1686 1488 sanc-

311 1513 443 1558 titatis
479 1523 590 1567 tuae,
620 1531 752 1577 quam
781 1515 900 1578 apud
925 1533 1024 1561 eum
1057 1533 1144 1561 esse
1177 1516 1352 1576 majoris
1383 1514 1587 1579 ponderis
1608 1513 1689 1559 mi-

310 1583 425 1628 nime
462 1583 742 1642 dubitamus5
781 1587 835 1630 ab
870 1586 1019 1632 codem
1060 1587 1157 1649 ipso
1200 1587 1525 1631 anathematum
1562 1594 1688 1646 atque

312 1653 567 1698 damnatum
587 1690 597 1710 ‚
631 1672 720 1700 non
750 1673 820 1701 eos
860 1656 1040 1701 ulterius
1065 1657 1356 1702 existimamus
1381 1672 1581 1711 ausuros,
1619 1654 1689 1700 lo-

314 1724 488 1787 quendo
510 1735 661 1771 contra
681 1727 861 1786 gratiam
888 1727 991 1782 Dei,
1019 1744 1118 1791 quae
1140 1728 1323 1773 revelata
1347 1737 1408 1772 est
1425 1744 1503 1790 per
1522 1725 1690 1790 passio-

315 1813 411 1841 nem
437 1806 478 1840 et
501 1797 858 1843 resurrectionem
884 1798 1075 1854 Christi,
1097 1809 1273 1862 pectora
1300 1798 1443 1844 fidelia
1469 1808 1510 1842 et
1528 1795 1691 1859 simpli·

315 1865 422 1911 citer
437 1865 674 1912 christiana
691 1868 867 1913 turbare
887 1886 896 1912 :
916 1868 986 1914 sed
997 1869 1142 1932 potius
1155 1868 1387 1928 adjuvante
1407 1866 1695 1913 misericordia

317 1934 520 1990 Domini,
550 1939 906 1983 concertantibus
946 1939 1179 1984 nobiscum
1208 1939 1417 1985 charitate
1450 1955 1499 1983 ac
1532 1938 1693 2000 pietate

311 2006 604 2066 fagrantibus
632 2008 904 2054 orationibus
928 2009 1032 2065 tuis,
1057 2027 1146 2055 non
1177 2009 1315 2055 solum
1341 2020 1389 2055 ut
1415 2009 1458 2054 in
1483 2019 1693 2053 aeternum

318 2077 463 2132 beati,
487 2078 887 2138 verumetiamJ'usti
908 2090 949 2124 et
969 2080 1203 2125 sanctisint
1219 2117 1228 2135 ‚
1250 2097 1336 2125 non
1353 2080 1397 2124 in
1422 2095 1496 2124 sua
1513 2078 1690 2133 virtute,

319 2145 391 2191 sed
416 2147 460 2191 in
479 2146 627 2191 eadem
656 2148 792 2207 gratia
813 2150 1064 2196 confisuros,
1092 2150 1218 2195 [nde
1241 2161 1282 2195 et
1306 2149 1358 2195 ad
1384 2150 1528 2212 ipsum
1551 2149 1695 2211 scrip-

320 2229 406 2263 tam
428 2217 483 2261 ab
508 2234 594 2262 uno
614 2229 809 2265 nostrum
831 2220 1070 2284 Epistolam
1089 2258 1099 2276 ,
1131 2221 1183 2266 ad
1206 2238 1334 2284 quem
1359 2238 1437 2283 per
1461 2218 1695 2283 quemdam

324 2288 591 2334 Orientalem
634 2289 890 2349 diaconum,
915 2292 1053 2337 civem
1077 2303 1218 2337 autem
1246 2293 1572 2355 Hipponensem
1597 2300 1698 2335 tan—

325 2375 455 2420 quam
487 2360 755 2421 purgationis
787 2378 875 2407 suae
900 2361 1101 2424 quaedam
1130 2363 1291 2425 scripta
1316 2361 1576 2417 transmisit,
1610 2370 1698 2405 tuae

320 2427 585 2473 beatitudini
608 2430 757 2492 potius
777 2431 1040 2477 credidimus
1066 2432 1362 2492 dirigendam,
1389 2431 1541 2477 melius
1572 2428 1697 2489 judi-

322 2508 467 2544 cantes
486 2508 525 2543 et
542 2510 733 2561 petentes
748 2512 796 2546 ut
816 2519 907 2547 eam
924 2502 960 2547 ei
977 2502 1144 2548 mittere
1162 2504 1254 2565 ipse
1270 2502 1470 2563 digneris.
1495 2500 1567 2545 Sic
1584 2499 1699 2545 enim

324 2586 418 2614 eam
451 2568 589 2628 legere
621 2571 768 2634 potius
792 2590 881 2619 non
913 2573 1241 2634 dedignabitur,
1270 2574 1403 2634 magis
1429 2572 1475 2619 in
1496 2571 1569 2619 illa
1599 2586 1698 2619 eum

322 2639 397 2704 qui
418 2639 556 2697 misit,
586 2657 716 2705 quam
739 2643 815 2707 qui
834 2644 1008 2709 scripsit
1035 2644 1272 2692 attendens,
