1799 3251
569 273 782 306 EPISTOLA
816 275 958 304 cuxiv.
1374 260 1466 307 303

97 343 283 394 condens
303 341 498 391 Christus
517 339 720 389 omnibus
740 337 1068 398 evangelizavit,
1092 355 1325 403 omnesque
1349 357 1371 386 a
1398 351 1462 386 te-

98 414 243 463 nebris
274 423 314 462 et
343 411 484 476 poenis
524 427 602 474 per
641 408 822 469 gratiam
861 407 1084 463 liberavit,
1128 418 1175 453 ut
1213 426 1237 453 a
1274 419 1466 472 tempore

97 484 419 532 resurrectionis
458 480 670 536 Domini,
698 479 916 545 judicium
956 489 1202 542 expectetur
1242 480 1467 529 exinanitis

95 553 255 603 inferis.
283 551 404 612 Quid
420 568 519 613 ergo
533 551 578 601 in
592 550 677 601 hae
696 566 740 596 re
760 549 978 599 sanctitati
996 559 1082 598 tuae
1101 548 1315 607 videatur,
1333 550 1465 614 cupio

99 641 234 675 nosse.
255 645 276 669 ))

96 779 651 802 mffummsmmzmmw
658 779 703 795 Αἱ
709 778 828 796 »μανν-
839 779 890 791 a·
896 779 1136 797 νγιᾟνιιιιμι,
1142 779 1255 792 ωιτν-Λ
1263 780 1383 797 ιιπιᾳι
1391 780 1447 796 „3

528 881 794 933 EPISTOLA
826 881 993 934 CLXIV
1009 881 1037 925 ¹.

118 1013 291 1056 Domino
309 1011 532 1055 beatissimo
552 1009 666 1049 fratri
691 1016 731 1048 et
750 1009 976 1060 coepiscopo
996 1009 1173 1057 Evomo,
1197 1010 1441 1049 Ancusvrmus

560 1072 602 1110 in
622 1071 793 1109 Domino
812 1069 993 1110 salutem.

92 1203 368 1261 Augustinus
385 1201 573 1251 Evodio,
589 1203 853 1259 respondens
869 1203 928 1244 ad
947 1202 1055 1244 duas
1074 1201 1342 1255 quoestc'ones,
1359 1218 1381 1256 q
1391 1217 1466 1244 ιιιι-

145 1285 248 1314 ram
267 1271 406 1314 altera
428 1279 488 1311 est
507 1269 559 1311 de
582 1269 670 1311 loco
691 1268 893 1317 obscuro,
917 1270 1076 1326 primm
1101 1269 1219 1310 Petri
1241 1270 1368 1311 tertio
1389 1286 1462 1318 (κι-

145 1339 260 1397 pite,
284 1337 423 1380 altera
441 1337 492 1379 dc
511 1337 666 1380 anima
686 1337 870 1383 Christi.

154 1486 190 1532 Ι.
221 1484 463 1549 QUAEST10‚
486 1500 618 1549 quam
634 1483 745 1530 mihi
764 1481 1028 1548 proposuisti
1048 1499 1094 1527 ex
1117 1481 1310 1544 Epistola
1332 1499 1460 1546 apos-

92 1554 168 1601 toli
186 1554 322 1620 Petri,
347 1554 452 1600 solet
477 1572 552 1601 nos
567 1592 577 1611 ,
607 1565 655 1600 ut
678 1565 719 1600 te
741 1554 872 1600 latere
893 1570 977 1599 non
997 1552 1200 1607 arbitror,
1223 1552 1460 1598 vehemen-

90 1625 249 1671 tissime
269 1641 543 1672 commovere
559 1661 569 1681 ,
603 1624 825 1688 quomodo
845 1624 916 1669 illa
935 1623 1067 1670 verba
1101 1621 1353 1684 accipienda
1377 1624 1462 1674 sint

91 1705 298 1759 tanquam
343 1694 395 1740 de
434 1695 579 1740 inferis
616 1696 746 1742 dicta.
795 1695 978 1758 Replico
1013 1710 1113 1753 ergo
1144 1692 1225 1737 tibi
1266 1693 1461 1739 eamdem

90 1766 395 1830 quaestionem,
423 1775 473 1810 ut
490 1765 577 1812 sive
598 1769 688 1829 ipse
708 1767 924 1829 potueris,
953 1764 1038 1809 sive
1061 1763 1244 1826 aliquem
1266 1763 1341 1826 qui
1367 1781 1464 1827 pos-

90 1840 144 1885 sit
169 1838 407 1893 inveneris,
436 1837 602 1884 auferas
639 1837 692 1883 de
722 1837 795 1883 illa
829 1848 955 1900 atque
989 1837 1113 1882 finias
1143 1834 1462 1881 dubitationem

90 1925 244 1956 meam.
278 1907 410 1965 Quod
434 1909 467 1953 si
489 1909 612 1972 prior
629 1918 811 1972 potuero
827 1945 838 1964 ‚
865 1924 965 1953 cum
990 1906 1034 1951 id
1059 1905 1286 1951 donaverit
1306 1906 1460 1951 Domi-

90 1996 196 2035 nus,
225 1978 394 2042 tibique
418 1978 635 2042 impartiri
668 1977 842 2024 valuero
860 2014 870 2033 ‚
903 1993 992 2022 non
1023 1974 1240 2020 fraudabo
1262 1974 1463 2021 dilectio-

89 2067 188 2096 nem
208 2047 363 2096 tuam':
387 2064 505 2094 nunc
526 2059 668 2094 autem
687 2085 697 2104 ‚
718 2065 818 2111 quae
834 2065 901 2092 me
920 2047 984 2092 ibi
1003 2055 1206 2092 moveant
1222 2045 1461 2103 intimabo,

92 2130 139 2166 ut
173 2119 413 2166 secundum
449 2119 548 2164 haec
583 2118 636 2165 de
670 2118 754 2164 illis
789 2117 930 2165 verbis
968 2115 1241 2180 apostolicis,
1272 2116 1340 2163 vel
1370 2117 1463 2181 ipse

90 2191 277 2251 cogites,
300 2189 365 2236 vel
382 2205 509 2252 quem
529 2189 734 2235 idoneum
753 2187 961 2252 repereris
984 2186 1195 2233 consulaS.

156 2262 215 2307 11.
244 2263 356 2306 Cum
381 2259 552 2304 dixisset
579 2259 804 2305 Christum
829 2280 849 2300 «
869 2258 1184 2304 Mortificatum
1208 2273 1335 2302 carne
1352 2293 1363 2313 ,
1395 2258 1461 2303 vi-

89 2353 112 2375 »
130 2332 354 2378 vificatum
381 2330 580 2394 Spiritu3
606 2352 627 2372 »
656 2331 863 2376 continuo
875 2328 1060 2387 subjecit
1084 2346 1094 2373 ε
1115 2349 1135 2369 «
1152 2329 1203 2373 In
1225 2344 1311 2391 quo
1327 2338 1368 2374 et
1387 2328 1456 2385 iis,

91 2425 112 2446 »
133 2404 210 2468 qui
232 2403 277 2449 in
299 2418 470 2449 carcere
492 2411 613 2447 erant
640 2401 858 2458 conclusi,
890 2400 1118 2463 spiritibus
1148 2399 1319 2445 veniens
1342 2416 1459 2462 prae-

92 2496 112 2517 >2
137 2473 328 2530 dicavit,
355 2471 432 2541 qui
454 2470 667 2519 inereduli
690 2472 866 2519 fuerunt
899 2469 1156 2534 aliquando,
1179 2468 1355 2534 quando
1385 2486 1460 2515 ex·-

139 2580 149 2604 ¹
169 2581 255 2614 Alias
269 2592 360 2616 xctx.
381 2591 451 2624 quae
464 2585 570 2613 autem
590 2581 649 2620 164
666 2585 747 2624 erat,
764 2591 849 2613 nunc
865 2581 919 2620 87.
935 2595 978 2603 —
995 2577 1117 2622 Scripta
1134 2576 1246 2611 eodem
1265 2583 1420 2622 tempore.
