1799 3251
534 278 743 314 EPJSTOLA
780 280 984 312 mxxxvi.
1362 272 1452 334 495

82 363 182 410 quae
198 364 275 410 per
298 364 339 393 se
356 347 471 410 ipsas
491 346 580 393 sine
615 345 753 392 dubio
774 346 904 392 bonae
924 359 1041 404 sunt,
1063 348 1224 411 quibus
1248 360 1390 398 tamen
1405 372 1452 401 ex

83 417 264 463 arbitrio
286 416 523 467 voluntatis
548 415 695 462 futura
733 427 869 462 essent
898 418 999 462 vitia
1028 430 1325 481 peccatorum,
1352 425 1453 470 etin

81 486 227 536 multis
243 487 344 533 talia
360 487 522 549 quibus
545 497 649 532 esset
672 497 830 533 aeteina
854 504 986 549 poena
1006 488 1350 554 redde11da,quis
1365 494 1445 539 nisi

81 557 196 606 Deus
214 557 401 604 creavit?
429 557 591 612 Quare,
619 556 701 602 nisi
725 557 827 619 quia
851 557 1018 602 voluit')
1041 559 1185 614 Quare
1210 571 1349 606 autem
1368 580 1447 608 vo-

78 625 223 683 luerit,
247 645 271 673 o
295 629 447 684 homo,
489 638 535 673 tu
561 627 656 690 quis
676 643 717 674 es
746 628 822 690 qui
845 628 1102 690 respondeas
1138 631 1285 676 Deo¹P
1306 635 1448 680 Num-

77 698 184 761 quid
203 699 310 746 dicit
324 699 577 759 figmentum
599 698 635 744 ei
654 699 728 762 qui
747 713 790 744 se
803 699 941 754 finxit,
968 699 1114 754 Quare
1130 701 1189 745 sic
1201 719 1268 747 me
1283 702 1449 751 fecisti?

80 770 146 815 An
170 786 256 815 non
285 769 416 814 habet
434 779 686 831 potestatem
712 767 870 826 figulus
889 769 968 813 luti
990 786 1035 814 ex
1060 770 1208 816 eadem
1240 789 1450 837 consper-

73 840 191 889 sione
204 840 343 886 facere
363 840 481 886 aliud
506 839 682 904 quidem
698 856 770 885 vas
791 840 833 885 in
855 840 1083 886 honorem.
1104 842 1217 888 aliud
1241 855 1380 890 autem
1400 847 1445 892 in

76 910 418 971 contumeliam?

140 980 300 1030 XXIV.
329 981 469 1042 Atque
511 979 675 1026 utinam
716 979 934 1032 diseamus
976 981 1094 1042 quod
1116 983 1336 1046 sequitur:
1368 986 1449 1032 «Si

77 1061 219 1111 autem
236 1050 381 1096 volens
396 1052 511 1096 Deus
523 1050 747 1096 ostendere
762 1051 889 1106 iram,
916 1062 958 1096 et
982 1051 1274 1100 demonstrare
1290 1067 1451 1118 poten-

76 1121 179 1167 tiam
202 1138 341 1177 suam,
374 1120 554 1183 pertulit
599 1121 645 1166 in
689 1119 825 1166 multa
866 1120 1073 1183 patientia
1112 1139 1210 1170 vasa
1233 1124 1327 1181 irae,
1352 1143 1453 1189 quae

75 1190 264 1254 perfecta
294 1201 393 1236 sunt
430 1191 476 1236 in
497 1190 813 1254 perditionem,
852 1201 902 1236 ut
930 1201 1053 1236 notas
1082 1190 1241 1239 faceret
1277 1195 1449 1242 divitias

77 1260 223 1320 gloriae
240 1277 329 1306 suae
352 1261 397 1306 in
422 1277 521 1306 vasa
547 1261 868 1307 misericordiae.
893 1282 912 1301 n
953 1262 1065 1307 Ecce
1085 1265 1176 1321 jam
1207 1265 1316 1310 ratio
1347 1267 1449 1312 red-

75 1330 164 1376 dita
184 1331 445 1377 esthomini.
467 1341 629 1394 quanta
650 1330 803 1375 debuit
824 1330 990 1375 homini
1006 1350 1016 1387 3
1032 1331 1063 1376 si
1085 1343 1223 1378 tamen
1239 1334 1305 1380 vel
1322 1336 1447 1382 istam

75 1402 210 1464 capit,
234 1401 311 1464 qui
334 1417 414 1463 pro
438 1401 502 1445 sui
535 1401 701 1446 arbitrii
727 1400 927 1445 libertate
949 1401 993 1444 in
1021 1411 1150 1446 tantae
1184 1403 1448 1451 infirmitatis

75 1473 275 1517 servitute
294 1471 530 1517 contendit.
562 1472 670 1515 Ecce
695 1469 827 1516 dictae,-
850 1481 1119 1516 suntcausae.
1147 1473 1214 1518 Tu
1235 1491 1335 1534 ergo
1352 1477 1449 1539 quis

75 1559 134 1593 es,
176 1541 253 1604 qui
277 1540 532 1604 respondeas
576 1542 682 1590 Deo,
709 1540 742 1585 si
765 1539 910 1588 volens
939 1541 1050 1585 Deus
1071 1542 1293 1589 ostendere
1315 1546 1441 1601 iram,

74 1623 113 1658 ot
132 1612 425 1657 demonstrare
444 1611 685 1674 potentiam
710 1627 854 1667 suam,
901 1610 1019 1674 quod
1038 1622 1078 1656 et
1102 1613 1225 1658 malis
1246 1614 1356 1662 bene
1384 1619 1446 1663 uti

75 1683 268 1745 optimus
298 1682 450 1744 possit,
478 1681 601 1726 malis
625 1680 836 1726 duntaxat
874 1697 961 1725 non
998 1681 1248 1729 conditione
1271 1685 1441 1737 divina,

75 1753 145 1797 sed
169 1752 317 1797 vitiata
344 1752 577 1797 voluntatis
602 1751 832 1814 iniquitate
854 1761 1026 1799 natura.
1049 1768 1151 1814 quae
1176 1771 1197 1798 a
1221 1755 1311 1800 Deo
1336 1773 1446 1802 con-

74 1823 213 1869 ditore
236 1822 411 1868 condita
432 1834 492 1868 est
510 1823 651 1876 bona3
677 1821 859 1885 pertulit
896 1822 941 1867 in
962 1822 1098 1867 multa
1117 1824 1326 1886 patientia
1346 1844 1447 1874 Vrsa

75 1895 150 1939 irre
171 1904 316 1955 aptata
337 1893 383 1938 in
411 1893 659 1945 interitum3
687 1909 774 1937 non
815 1891 934 1955 quod
958 1892 1020 1937 illi
1037 1905 1173 1939 essent
1195 1899 1445 1954 necessaria,

75 1965 161 2010 sive
181 1963 373 2024 angelica
396 1963 483 2009 sive
511 1963 703 2008 humana
723 1972 919 2024 peccata,
947 1962 1017 2007 cui
1042 1966 1299 2023 necJustitia
1322 1984 1447 2014 erea-

76 2045 184 2081 turae
222 2038 479 2097 cujusquam
512 2045 575 2079 est
600 2034 856 2085 necessari33
886 2032 958 2078 sed
982 2044 1027 2077 ut
1051 2044 1171 2080 notas
1188 2035 1348 2083 faceret
1374 2039 1447 2085 di-

74 2105 198 2151 vitias
229 2105 377 2164 gloriae
418 2121 506 2150 suae
530 2105 575 2149 in
604 2120 704 2148 vasa
731 2103 1055 2158 misericordiae,
1082 2122 1132 2149 ne
1160 2122 1202 2151 se
1245 2107 1287 2152 in
1321 2109 1448 2156 honis

74 2175 281 2238 operibus
300 2185 508 2237 tanquam
527 2174 580 2220 de
596 2173 786 2237 propriis
806 2173 1053 2218 extollerent
1066 2175 1250 2232 viribus,
1275 2179 1348 2224 sed
1369 2180 1449 2226 hu-

76 2245 233 2291 militer
258 2243 559 2303 intelligerent,
591 2243 672 2288 nisi
698 2243 782 2288 illis
809 2243 885 2287 Dei
907 2244 1042 2301 gratia
1062 2261 1149 2289 non
1173 2245 1347 2305 debita,
1375 2250 1449 2297 sed

74 2315 260 2374 gratuita
300 2315 570 2370 subveniret,
618 2313 663 2359 id
692 2312 822 2358 fuisse
856 2312 1126 2359 reddendum
1162 2317 1324 2364 meritis
1342 2321 1446 2378 suis,

75 2385 192 2448 quod
220 2385 311 2430 aliis
333 2385 377 2430 in
396 2384 542 2429 eadem
568 2401 705 2429 massa
726 2383 944 2428 redditum
961 2389 1208 2431 cernerent?

90 2452 94 2453 ⁷
140 2458 279 2506 XXV.
304 2458 456 2500 Certus
469 2465 529 2499 est
548 2471 647 2513 ergo
674 2454 751 2499 Dei
775 2453 1059 2516 p1·aescientiae
1077 2454 1278 2504 definitus
1300 2477 1448 2507 nume-

74 2543 160 2579 rus,
173 2538 212 2578 et
230 2525 739 2577 multitudosanctormn,
754 2524 946 2586 quibus«
960 2523 1249 2584 Diligentihus
1263 2530 1414 2591 Deum,
1429 2556 1450 2578 »

122 2612 247 2645 ¹Roni.
267 2618 311 2653 Ιχ,
333 2621 385 2641 20.
400 2627 440 2633 ——
458 2607 574 2640 21bid.
599 2619 650 2641 12.
