1799 3251
550 257 762 288 EPISTOLA
798 258 984 289 CLXXXV.
1399 262 1421 303 7
1437 260 1450 289 l

154 326 247 372 XL.
278 325 346 369 Ita
368 322 500 369 modo
530 322 716 368 mundat
739 321 976 368 Ecclesiam
996 338 1117 368 suam
1141 323 1315 371 lavacro
1335 333 1461 388 aquae

89 395 136 440 in
165 395 298 441 verbo
314 430 325 451 ‚
354 404 403 439 ut
419 404 526 439 tunc
547 410 639 438 eam
657 392 740 438 sibi
759 392 961 438 exhibeat
986 409 1077 438 non
1100 393 1337 440 habentem
1364 412 1460 440 ma-

91 465 232 510 culam
258 475 332 510 aut
359 480 535 523 rugam,
560 472 634 508 aut
665 461 832 525 aliquid
856 462 1095 521 ejusmodi,
1126 473 1262 509 totam
1300 464 1466 510 scilicet

90 536 323 599 pulchram
339 545 467 597 atque
484 532 721 597 perfectam
736 568 746 588 ‚
765 532 942 596 quando
964 533 1271 580 absorbebitur
1288 551 1403 580 mors
1417 534 1464 579 in

87 606 331 653 victoriam.
355 606 482 650 Nunc
506 620 605 664 ergo
627 603 673 649 in
690 613 902 666 quantum
926 602 1041 662 viget
1059 603 1106 648 in
1129 604 1256 650 nobis
1278 604 1401 668 quod
1415 621 1463 649 ex

91 676 184 721 Deo
195 676 285 721 nati
303 692 452 721 sumus
469 712 480 729 ‚
506 692 553 720 ex
568 673 653 719 fide
667 673 858 720 viventes
873 709 884 728 ‚
905 673 1013 732 Justi
1024 690 1171 719 sumus
1187 674 1220 721 1.
1250 676 1310 720 In‘
1322 692 1467 738 quan-

90 757 181 791 tum
208 757 350 792 autem
372 745 576 808 reliquias
593 743 864 790 mortalitatis
883 760 936 788 ex
954 743 1094 788 Adam
1113 744 1350 801 trahimus,
1377 745 1467 790 sine

90 827 272 879 peccato
289 834 378 862 non
401 833 561 862 sumus
592 816 646 860 Et
667 814 780 860 illud
799 814 913 859 enim
933 830 1084 859 verum
1104 824 1167 860 est
1193 832 1205 860 :
1231 837 1251 856 «
1273 815 1362 872 Qui
1386 833 1468 861 na-

89 907 111 928 »
136 897 204 932 tus
230 898 291 932 est
323 905 369 932 ex
405 888 523 941 Deo,
561 902 648 931 non
675 886 864 948 peccatv5'·
888 903 897 930 :
926 905 949 926 ³>
974 894 1015 930 et
1043 884 1154 931 illud
1192 902 1343 931 verum
1371 896 1460 940 est,

90 976 110 997 «
134 957 179 1002 Si
201 957 435 1002 dixerimus
465 957 568 1019 quia
604 965 834 1018 peccatum
871 971 961 999 non
983 955 1198 1001 habemus
1219 992 1229 1011 ‚
1256 973 1334 1001 nos
1354 955 1471 1018 ipsos

91 1048 112 1067 >2
136 1026 380 1089 decipimus
397 1063 407 1081 ,
431 1036 474 1071 et
494 1025 650 1071 veritas
665 1024 710 1070 in
729 1024 856 1070 nobis
879 1041 966 1069 non
985 1024 1097 1071 est?
1117 1045 1138 1066 υ
1162 1025 1375 1071 Dominus
1393 1025 1472 1070 ita-

90 1114 174 1160 que
199 1097 400 1142 Christus
423 1100 619 1156 etjustus
639 1105 725 1151 est,
753 1094 1057 1154 etjustificans
1081 1112 1091 1139 ε
1113 1111 1191 1140 nos
1208 1105 1353 1141 autem
1372 1098 1473 1153 jus-

96 1169 249 1213 tificati
283 1167 414 1226 gratis
439 1184 518 1230 per
560 1165 742 1225 gratiam
779 1165 931 1228 ipsiusa
963 1165 1063 1210 Non
1087 1176 1231 1211 autem
1260 1165 1473 1225 justificat

92 1239 170 1283 nisi
190 1255 350 1301 corpus
374 1236 528 1283 suum4
554 1274 563 1292 ,
592 1236 712 1299 quod
737 1246 799 1281 est
825 1235 1030 1281 Ecclesia.
1064 1237 1120 1281 Et
1138 1236 1235 1281 ideo
1259 1236 1293 1281 si
1313 1251 1474 1298 corpus

93 1310 258 1354 Christi
283 1309 395 1354 tollit
410 1308 547 1371 spolia
571 1308 809 1370 impiorum
829 1343 839 1361 ‚
863 1317 904 1351 et
925 1307 1100 1369 corpori
1123 1307 1285 1352 Christi
1305 1307 1478 1351 thesau-

92 1381 286 1426 rizantur
302 1380 467 1426 divitiae
491 1379 729 1442 impiorum
750 1416 760 1434 ‚
784 1395 873 1423 non
893 1378 1055 1423 debent
1072 1378 1197 1441 impii
1210 1377 1314 1423 foris
1332 1395 1476 1423 rema-

95 1468 282 1507 manere‚
316 1461 362 1496 ut
387 1450 733 1505 calumnientur,
771 1448 845 1494 sed
879 1448 1040 1494 intrare
1065 1449 1217 1511 potius
1239 1458 1287 1493 ut
1309 1448 1477 1507 justifi-

93 1534 267 1570 centur.

156 1598 272 1642 XLI.
299 1595 424 1641 Unde
441 1606 483 1640 et
506 1595 616 1642 illud
641 1594 761 1658 quod
782 1594 835 1641 de
857 1594 927 1641 die
944 1594 1105 1655 judicii
1137 1593 1350 1657 scriptum
1375 1603 1437 1638 est
1458 1610 1468 1636 ε

95 1688 116 1710 α
139 1668 265 1712 Tunc
289 1667 468 1712 stabunt
486 1666 593 1725 justi
624 1666 668 1710 in
690 1682 847 1725 magna
871 1664 1112 1711 constantia
1138 1663 1342 1709 adversus
1363 1679 1433 1708 eos
1450 1699 1461 1717 ‚

94 1758 114 1778 »
138 1737 214 1801 qui
233 1754 274 1782 se
293 1737 675 1796 angustiaverunt,
696 1746 736 1780 et
755 1735 1216 1780 abstuleruntlabores
1236 1733 1434 1786 eorum5‚
1451 1754 1471 1774 »

92 1826 180 1853 non
197 1808 347 1870 utique
369 1806 775 1866 sicintelligendum
801 1817 889 1860 θεῖ,
912 1805 1014 1868 quia
1036 1805 1166 1850 stabit
1194 1804 1475 1849 Chananaeus

95 1877 297 1923 adversus
313 1877 451 1921 Israel
469 1914 478 1931 ‚
500 1894 600 1922 cum
619 1876 860 1921 Chananaei
882 1875 1110 1920 abstulerit
1125 1875 1294 1919 labores
1311 1874 1442 1919 lsrael
1463 1893 1474 1926 ;

93 1948 165 1994 scd
186 1948 320 1993 stabit
343 1947 621 1993 Nabuthaeus
641 1946 842 1992 advorsus
864 1946 1021 1991 Achab
1041 1983 1051 2001 ,
1079 1945 1284 2008 quoniam
1303 1943 1476 1989 labores

94 2019 335 2064 Nabuthaei
361 2018 542 2064 abstulit
567 2018 738 2064 Achab.
770 2017 1048 2062 Chananaeus
1074 2016 1240 2079 quippe
1273 2015 1435 2078 impius
1461 2051 1470 2069 ,

94 2090 537 2148 Nabuthaeusjustus.
576 2087 740 2133 Eodem
755 2087 887 2132 modo
906 2104 993 2132 non
1008 2086 1143 2131 stabit
1165 2102 1362 2149 paganus
1389 2085 1472 2130 ad-

93 2177 239 2205 versus
265 2160 563 2204 Christianum
584 2196 594 2214 ‚
617 2159 693 2221 qui
731 2157 911 2203 abstulit
946 2157 1117 2202 labores
1150 2161 1263 2215 cjus,
1297 2155 1472 2219 quando

93 2230 312 2276 idolorum
345 2230 558 2292 expoliata
588 2229 654 2274 vel
680 2228 856 2273 diruta⁶
892 2237 990 2272 sunt
1015 2226 1205 2289 templa3
1233 2225 1305 2271 sed
1341 2226 1474 2270 stabit

97 2301 372 2346 Christianus
391 2300 594 2345 adversus
619 2316 858 2362 paganum,
880 2299 956 2360 qui
978 2297 1157 2342 abstulit
1176 2296 1346 2341 labores
1365 2299 1474 2355 0qu

95 2370 273 2433 quando
290 2372 534 2432 Martyrum
560 2379 691 2414 strata
718 2379 818 2413 sunt
834 2385 1035 2430 corpora.
1059 2366 1132 2411 Sic
1154 2383 1254 2425 ergo
1280 2383 1364 2410 non
1388 2376 1478 2410 sta-

95 2442 163 2487 bit
186 2441 418 2486 haereticus
443 2440 647 2486 adversus
673 2439 953 2485 Catholicum
973 2475 983 2493 ‚
1008 2438 1085 2500 qui
1101 2437 1282 2482 abstulit
1310 2436 1482 2481 labores

110 2544 113 2546 ’
148 2541 155 2562 ¹
177 2553 190 2572 1
212 2542 284 2572 Cor.
304 2552 357 2575 xv.
377 2542 430 2575 5⁷⁷2.
446 2538 518 2564 -2
541 2553 553 2572 1
569 2543 661 2573 Joan.
679 2552 732 2581 nx,
752 2552 784 2580 9.
804 2558 845 2564 —
863 2538 877 2561 3
897 2538 945 2572 id.
975 2550 1004 2579 r,
1023 2539 1055 2572 8.
1074 2555 1118 2561 —
1138 2534 1152 2559 4
1175 2540 1270 2569 Rom.
1293 2547 1344 2571 ιιι,
1364 2541 1419 2571 22.
1435 2553 1477 2558 -

130 2599 202 2639 Sap.
222 2607 250 2628 v.
271 2608 300 2628 x.
322 2614 363 2620 —·
380 2594 396 2618 fi
416 2598 467 2628 AI.
483 2597 612 2629 donata.
