1799 3251
523 322 735 356 EPISTOLA
772 324 956 356 cxcviii.
1337 328 1346 356 ι
1362 310 1422 359 63

56 395 213 459 pignus
241 391 513 456 accepimus,
548 406 635 453 quo
661 389 780 435 illam
806 390 1011 436 visiOnem
1038 391 1280 438 desiderare
1301 410 1430 438 nove-

56 464 205 511 rimus.

119 534 246 581 XIII.
278 532 389 578 Nam
427 530 481 576 de
518 529 724 576 membris
753 530 850 585 Dei,
890 547 986 592 quae
1017 531 1184 577 assidue
1203 533 1432 595 Scriptura

57 611 396 656 commemorat,
436 616 489 645 ne
513 599 744 662 quisquam
764 599 1005 644 secundum
1034 603 1173 646 carnis
1194 602 1326 661 hujus
1345 601 1437 646 for-

58 688 174 720 mam
188 683 229 718 et
252 672 436 731 figuram
459 686 536 715 nos
558 686 644 715 esse
673 669 864 715 crederet
894 669 1050 714 similes
1074 671 1183 726 Deo,
1209 684 1439 735 propterea

60 740 209 789 eadem
251 741 477 804 Scriptura
516 750 557 785 et
591 738 677 784 alas
717 737 879 784 habere
905 741 1042 784 Deum
1066 739 1189 795 dixit,
1228 758 1334 804 quas
1357 757 1433 786 nos

65 813 215 876 utique
233 828 319 857 non
340 810 567 856 habemus.
599 809 725 854 Sicut
754 825 854 869 ergo
873 809 957 854 alas
976 826 1075 855 eum
1096 810 1313 865 audimus,
1337 827 1436 874 pro-

61 883 292 928 tectionem
312 878 612 939 intelligimus1
638 897 649 924 τ
669 879 703 924 si
727 889 767 924 et
793 894 892 925 cum
916 879 1116 924 audimus
1141 897 1309 937 manus,
1329 896 1439 943 ope-

62 952 273 998 rationem
314 937 548 1010 intelligssre
589 949 824 1003 debemus3
856 960 1022 995 etcum
1056 950 1255 996 audimus
1288 951 1436 1014 pedes2

61 1021 465 1087 praesentationem3
488 1031 649 1066 etcum
675 1020 876 1066 audimus
917 1020 1093 1077 oculos,
1119 1021 1326 1066 visionem
1359 1037 1444 1084 qua

62 1093 313 1153 cognoscit;
336 1102 495 1137 etcum
518 1090 717 1136 audimus
735 1090 909 1145 faciem,
928 1091 1127 1136 notitiam
1150 1107 1235 1154 qua
1256 1093 1446 1137 innotes-

65 1163 148 1215 cit3
169 1172 211 1208 et
233 1163 265 1207 si
292 1161 400 1225 quid
431 1161 550 1206 aliud
569 1160 717 1206 eadem
749 1161 977 1223 Scriptura
1004 1160 1087 1206 tale
1111 1171 1441 1215 commemorat,

62 1242 172 1296 puto
196 1232 445 1296 spiritaliter
470 1231 815 1290 intelligendum.
847 1232 996 1294 Neque
1017 1231 1105 1277 hoc
1124 1248 1225 1291 ergo
1248 1241 1441 1285 tantum,

59 1313 131 1349 aut
158 1319 234 1362 ego
260 1303 400 1365 prior,
424 1300 497 1347 sed
520 1318 668 1346 omnes
688 1302 762 1363 qui
780 1301 1091 1363 qualicumque
1111 1301 1294 1363 spiritali
1314 1300 1440 1346 intel-

57 1372 231 1433 ligentia
252 1372 457 1417 resistunt
483 1371 559 1426 eis,
584 1372 660 1433 qui
681 1371 739 1415 ob
763 1371 851 1416 hoc
878 1370 1353 1433 Anthropomorphitae
1369 1386 1446 1415 no-

58 1443 293 1488 minantur.
326 1442 387 1486 Ex
413 1457 604 1503 quorum
639 1441 789 1486 litteris
811 1458 863 1486 ne
891 1441 1028 1486 multa
1063 1440 1445 1486 commemorando

58 1515 240 1572 majores
263 1528 403 1557 moras
422 1510 597 1567 faciam,
628 1511 716 1557 hoc
743 1528 882 1557 unum
911 1511 1048 1557 sancti
1089 1511 1345 1574 Hieronymi
1366 1510 1439 1556 in—

61 1595 263 1646 terpono,
292 1592 340 1627 ut
374 1581 543 1628 noverit
562 1582 638 1627 iste
662 1581 815 1638 frater,
839 1599 926 1627 non
947 1599 989 1627 se
1015 1581 1068 1627 de
1094 1581 1178 1627 hac
1203 1597 1247 1626 re
1269 1593 1439 1626 mecum

60 1652 194 1713 magis
216 1669 348 1715 quam
372 1668 474 1697 curn
498 1652 722 1715 prioribus
752 1669 873 1711 agere
907 1651 1083 1707 debere,
1123 1651 1157 1696 si
1193 1649 1303 1714 quid
1339 1667 1436 1696 eum

62 1733 214 1769 contra
240 1733 481 1786 permovet.

125 1792 242 1855 xlv.
268 1793 381 1838 Cum
401 1809 500 1852 ergo
519 1791 590 1837 ille
609 1791 676 1837 vir
693 1792 737 1837 in
757 1792 994 1855 Scripturis
1010 1791 1286 1837 doctissimus
1310 1789 1435 1836 Psal«

61 1878 182 1907 mum
213 1871 467 1924 exponeret,
508 1861 584 1906 ubi
612 1860 780 1906 dictum
806 1871 866 1906 est
890 1879 900 1905 ε
933 1882 952 1902 α
975 1861 1205 1921 Intelligite
1235 1877 1334 1920 ergo
1358 1860 1435 1924 qui

63 1931 348 1995 »insipientes
371 1932 466 1977 estis
495 1931 540 1977 in
574 1932 759 1995 populo,
787 1942 827 1976 et
851 1931 972 1977 stulti
1009 1930 1245 1994 aliquando
1263 1930 1401 1994 sapite
1423 1950 1434 1982 ;

64 2023 84 2043 »
105 2002 193 2058 Qui
213 2001 426 2065 plantavit
447 2018 608 2057 aurem,
628 2019 713 2047 non
729 2001 903 2047 audiet?
920 2013 994 2047 aut
1008 2003 1084 2065 qui
1105 2000 1434 2057 firmamentum,

65 2094 84 2113 ›>
106 2088 195 2117 non
217 2072 459 2118 considerat
481 2073 498 2101 ²
525 2075 543 2118 ,3
566 2074 722 2118 »Inter
745 2084 918 2128 caetera,
956 2073 1071 2135 [Iste
1094 2072 1235 2128 locus,
1259 2070 1406 2134 inquit
1423 2108 1434 2125 ‚

63 2141 264 2187 adversus
281 2159 352 2187 eos
378 2143 557 2187 maxime
580 2141 701 2197 facit,
725 2143 802 2205 qui
820 2142 1292 2206 Anthropomorphitae
1309 2150 1430 2196 sunt,

63 2213 140 2276 qui
160 2212 315 2258 dicunt
332 2215 471 2258 Deum
503 2213 666 2258 habere
686 2213 899 2268 membra,
926 2231 1024 2277 quae
1047 2214 1174 2258 etiam
1197 2229 1274 2258 nos
1291 2211 1434 2257 habe-

66 2299 160 2327 mus
184 2299 193 2326 ε
214 2282 334 2327 verbi
352 2299 497 2337 causa,
517 2282 679 2328 dicitur
693 2285 806 2328 Deus
820 2283 984 2328 habere
1001 2283 1172 2328 oculos:
1193 2282 1295 2346 quia
1318 2279 1436 2327 oculi

67 2352 242 2397 Domini
264 2352 502 2414 respiciunt
535 2354 697 2409 onmia,
725 2370 876 2399 manus
908 2353 1086 2398 Domini
1122 2352 1228 2397 facit
1269 2350 1429 2398 omnia.

67 2444 84 2461 «
113 2420 167 2468 Et
195 2422 375 2478 audivit,
395 2423 554 2486 inquit,
580 2423 720 2469 Adam
744 2441 896 2469 sonum
918 2423 1079 2486 pedum
1095 2418 1271 2468 Domini
1290 2421 1435 2467 deam-

68 2513 86 2533 »
107 2492 295 2538 bulantis
320 2492 365 2537 in
390 2492 651 2555 paradisoss:
682 2516 701 2535 n
742 2494 840 2539 haec
864 2493 1118 2556 simpliciter
1155 2492 1360 2547 audiunt,
1390 2502 1432 2536 et

66 2561 278 2608 humanas
311 2562 629 2609 imbecillitates
649 2563 704 2609 ad
734 2563 814 2609 Dei
836 2563 1203 2623 magnificentiam
1224 2560 1429 2608 referunt.

115 2644 221 2677 1Psat.
242 2655 306 2683 xvi,
329 2645 362 2676 8.
379 2661 422 2668 —·—
439 2643 454 2667 2
470 2646 683 2687 Hieronymus
697 2644 728 2677 in
745 2646 828 2679 Psal.
848 2656 942 2683 xcur,
961 2657 993 2686 9.
1009 2643 1081 2669 -3
1094 2647 1176 2678 Gen.
1197 2655 1249 2684 ιιι,
1271 2644 1302 2675 8.

1233 2716 1244 2743 1
1265 2715 1299 2744 l.
