1799 3251
579 283 787 316 EPISTOLA
821 284 942 318 CLIII.
1351 291 1436 323 ⁴221

75 369 95 390 »
116 349 236 395 ribus
257 349 431 395 subdita
455 351 508 396 sit
529 368 539 395 ε
573 368 658 396 non
684 360 746 395 est
776 353 890 396 enim
911 362 1098 414 potestas
1119 389 1130 409 ‚
1158 353 1238 400 nisi
1260 372 1283 399 a
1309 355 1401 400 Deo
1431 374 1441 400 :

75 440 96 461 >2
114 436 215 482 quae
231 430 372 465 autem
392 431 508 475 sunt,
530 438 552 465 a
579 421 669 465 Deo
693 420 905 466 ordinatae
924 432 1038 468 sunt.
1059 422 1342 485 Quapropter
1364 426 1443 486 qui

74 509 95 531 ›>
114 489 270 535 resistit
292 491 525 553 potestati,
565 490 644 535 Dei
672 489 937 536 ordinationi
964 491 1122 537 resistit
1152 510 1162 537 ε
1198 493 1274 556 qui
1300 504 1445 539 autem

73 580 94 601 >2
115 560 334 617 resistunt,
354 559 438 623 ipsi
465 560 781 620 sibiJ‘udicium
806 561 1055 624 acquirunt.
1081 562 1308 626 Principes
1333 563 1450 609 enim

74 650 95 674 >2
119 648 205 676 non
225 641 325 676 sunt
350 631 493 676 timori
512 631 617 676 boni
644 631 785 694 operis
806 668 816 683 ,
847 631 921 677 sed
941 631 1058 678 mali.
1089 632 1163 678 Vis
1189 644 1332 679 autem
1355 651 1444 679 non

73 700 262 746 »timere
289 705 582 764 potestatem?
606 702 779 747 Bonum
803 700 872 747 fac
892 739 902 758 ,
927 712 969 747 et
991 702 1178 748 habebis
1201 702 1376 749 laudem
1400 721 1446 749 ex

72 791 94 813 »
109 769 196 817 illa.
228 772 307 816 Dei
330 772 444 817 enim
466 772 660 818 minister
679 784 740 818 est
761 772 840 817 tibi
865 772 910 817 in
931 772 1116 820 bonum.
1150 773 1284 829 Quod
1307 774 1341 819 si
1359 791 1449 820 ma-

71 861 92 882 »
108 840 201 887 lum
225 841 374 887 feceris
393 879 404 898 ,
439 843 539 888 time
565 861 575 887 :
603 860 691 888 non
715 844 829 889 enim
858 842 1018 888 frustra
1040 842 1234 903 gladium
1264 854 1410 907 portat
1432 862 1443 889 t

69 932 92 954 >2
112 913 192 957 Dei
212 912 326 958 enim
345 913 539 958 minister
562 924 639 970 est,
663 913 821 959 vindex
842 914 887 959 in
910 914 1038 970 iram,
1066 913 1102 958 ei
1116 915 1194 977 qui
1214 914 1324 960 male
1342 915 1442 975 agit.

71 1002 92 1024 2>
114 981 306 1046 Ideoque
325 983 567 1028 necessitati
586 983 752 1029 subditi
781 994 914 1029 estote
932 1021 943 1040 ,
977 1001 1066 1029 non
1097 984 1236 1030 solum
1264 996 1449 1048 propter

71 1071 92 1093 »
115 1052 222 1097 iram
240 1089 252 1108 ‚
279 1052 352 1097 sed
376 1063 417 1098 et
441 1064 623 1116 propter
646 1054 956 1100 conscientiam
980 1071 990 1098 :
1025 1053 1122 1100 ideo
1154 1055 1268 1100 enim
1293 1066 1333 1101 et
1364 1057 1446 1101 tri-

70 1142 90 1163 »
115 1121 222 1167 buta
240 1123 470 1185 praestatis.
498 1123 688 1169 Ministri
711 1124 828 1169 enim
856 1124 937 1169 Dei
962 1134 1065 1169 sunt
1082 1161 1093 1176 ,
1122 1124 1166 1169 in
1189 1124 1276 1170 hoc
1300 1125 1447 1187 ipsum

70 1213 91 1233 >2
113 1203 447 1254 perseverantes.
477 1193 666 1240 Reddite
692 1194 897 1241 omnibus
920 1193 1094 1249 debita,
1130 1195 1202 1239 cui
1229 1194 1446 1241 tributum

70 1282 91 1303 »
115 1263 329 1308 tributum
347 1300 357 1318 ,
385 1263 457 1308 cui
481 1264 663 1324 vectigal
687 1264 900 1324 vectigal,
922 1264 994 1310 cui
1009 1264 1207 1310 timorem
1224 1265 1442 1322 timorem,

68 1353 90 1373 ))
110 1333 181 1377 cui
206 1332 418 1378 honorem
433 1333 662 1379 honorem.
691 1333 1118 1396 'Neminiquidquam
1139 1333 1348 1389 debeatis,
1364 1335 1446 1380 nisi

68 1423 90 1444 »
108 1413 155 1448 ut
176 1402 362 1447 invicem
378 1402 567 1462 diligatis
581 1403 615 1449 1.
642 1425 662 1445 »
687 1404 795 1449 Haec
812 1403 946 1449 verba
964 1403 1185 1466 Apostoli,
1213 1404 1443 1450 utilitatem

66 1483 219 1518 vestrae
243 1472 475 1518 severitatis
501 1473 752 1519 ostendunt.
793 1472 986 1519 Proinde
1020 1473 1133 1518 sicut
1165 1473 1446 1519 dilectionem

62 1542 169 1602 jussi
189 1553 288 1588 sunt
302 1543 564 1589 terrentibus
585 1543 760 1600 debere,
784 1544 861 1606 qui
881 1543 1035 1589 timent
1055 1563 1066 1597 ;
1089 1543 1150 1588 ita
1167 1543 1444 1590 dilectionem

62 1614 170 1672 jussi
190 1623 288 1657 sunt
315 1613 567 1659 timentibus
591 1614 773 1665 debere,
800 1615 878 1677 qui
903 1624 1076 1659 terrent.
1104 1613 1228 1659 Nihil
1256 1614 1444 1660 nocendi

67 1681 307 1744 cupiditate
326 1683 419 1738 fiat,
442 1683 513 1728 sed
539 1683 684 1728 omnia
709 1682 964 1728 consulendi
987 1682 1203 1728 charitate
1221 1719 1232 1738 ,
1269 1693 1311 1728 et
1330 1683 1445 1728 nihil

68 1752 144 1797 fiat
162 1752 432 1809 immaniter,
454 1752 567 1797 nihil
583 1753 895 1799 inhumaniter.
923 1753 992 1797 Ita
1008 1751 1319 1798 formidabitur
1335 1753 1442 1799 ultio

67 1823 323 1881 cognitoris,
353 1833 401 1867 ut
424 1823 802 1869 necintercessoris
814 1823 960 1882 religio
981 1833 1286 1869 contemnatur
1306 1844 1317 1877 ς
1340 1825 1443 1887 quia

67 1903 109 1938 et
143 1893 375 1956 plectendo
399 1903 440 1938 et
463 1893 726 1952 ignoscendo
755 1893 842 1939 hoc
876 1892 1016 1938 solum
1049 1893 1160 1939 bene
1183 1894 1325 1952 agitur
1348 1931 1358 1949 ,
1395 1904 1444 1939 ut

67 1963 155 2009 vita
176 1963 405 2009 hominum
432 1964 686 2024 corrigatur.
721 1963 853 2020 Quod
882 1965 915 2009 si
938 1973 1057 2008 tanta
1091 1973 1152 2008 est
1185 1965 1443 2026 perversitas

67 2043 108 2078 et
138 2033 356 2096 impietas,
390 2044 438 2079 ut
459 2033 496 2079 ei
519 2033 788 2093 corrigendae
817 2051 896 2079 nec
920 2033 1153 2096 disciplina
1176 2035 1312 2096 possit
1331 2052 1439 2098 pro-

68 2103 208 2159 desse,
237 2121 315 2150 nec
338 2104 462 2150 venia
484 2122 494 2148 ε
535 2122 558 2149 a
593 2104 720 2150 bonis
753 2114 894 2149 tamen
920 2103 1161 2149 intentione
1183 2114 1312 2167 atque
1335 2121 1443 2150 con-

68 2174 262 2227 scientia,
286 2192 420 2237 quam
444 2176 558 2219 Deus
575 2175 742 2230 cernit,
771 2175 857 2219 sive
881 2174 1118 2229 severitate,
1141 2174 1228 2220 sive
1245 2174 1436 2230 lenitate,

67 2245 238 2290 nonnisi
263 2245 454 2290 officium
478 2244 722 2290 dilectionis
746 2244 969 2307 impletur.

131 2316 230 2362 XX.
258 2315 390 2372 Quod
416 2325 558 2361 autem
584 2315 628 2359 in
656 2315 852 2378 Epistola
871 2325 946 2360 tua
969 2314 1189 2376 sequitur,
1214 2314 1291 2359 ubi
1310 2314 1437 2369 dicis,

67 2407 88 2428 «
113 2385 273 2433 Verum
292 2402 409 2431 nunc
425 2423 437 2441 ,
465 2395 513 2431 ut
536 2402 675 2430 mores
694 2386 831 2431 nostri
858 2395 983 2440 sunt,
1006 2395 1047 2429 et
1073 2383 1241 2429 sceleris
1261 2400 1441 2447 poenam

67 2456 255 2520 cupiunt
277 2455 361 2502 sibi
379 2455 577 2502 homines
600 2454 804 2513 relaxari,
839 2466 880 2502 et
900 2454 945 2501 id
966 2491 978 2513 ,
1000 2465 1184 2517 propter
1203 2455 1324 2518 quod
1343 2472 1439 2501 sce-

115 2569 126 2592 ¹
146 2572 246 2605 Rom.
267 2580 352 2614 xm,
375 2582 406 2604 1.
