1799 3251
564 285 772 314 EPJS'soLA
812 287 995 318 ccxxxv.
1358 280 1446 340 [447

88 349 429 411 persecutionem
466 348 777 412 patiebantur:
813 350 933 412 quod
972 352 1121 416 utique
1152 355 1372 412 dicerent,
1412 357 1450 403 si

83 414 143 464 ita
162 419 425 474 insanirent,
453 418 582 464 sicuti
605 419 672 463 isti
702 418 944 477 insaniunt,
975 424 1050 485 qui
1070 424 1275 471 dividunt
1308 444 1449 472 mem-

83 487 164 534 bra
187 488 378 543 Christi,
399 499 440 534 et
456 488 674 534 exsufflant
700 488 978 537 Sacramenta
999 493 1188 551 Christi,
1210 506 1251 541 et
1267 495 1319 541 de
1343 513 1450 559 per-

83 558 302 605 secutione
321 558 585 618 gloriantur3
607 558 707 622 quia
722 559 1014 621 prohibentur
1029 562 1107 609 ista
1119 564 1258 612 facere
1281 565 1448 626 legibus

84 629 403 691 Imperatorum
423 665 434 684 ,
460 645 566 692 quas
595 628 913 674 constituerunt
935 647 1016 693 pro
1048 633 1212 679 unitate
1243 634 1409 680 Christi
1436 652 1446 681 :

82 707 125 743 et
140 700 308 757 jactant
326 697 536 744 fallaciter
556 698 844 743 innocentiam
866 715 1010 754 suam,
1036 712 1218 765 etquam
1240 721 1328 749 non
1350 722 1449 767 pos-

83 777 184 813 sunt
207 785 229 812 a
248 768 438 813 Domino
465 768 687 831 accipere,
713 767 767 813 ab
789 767 1043 815 hominibus
1062 784 1266 834 quaerunt
1285 785 1453 837 marty-

81 853 179 883 rum
203 836 398 897 gloriam.

147 908 224 955 IX.
255 907 355 954 Veri
380 918 521 954 autem
546 918 756 971 martyres
783 907 846 953 illi
879 919 1001 966 sunt,
1033 909 1085 955 de
1110 911 1271 974 quibus
1296 913 1452 959 Domi-

81 993 162 1022 nus
194 978 281 1034 ait,
312 978 472 1024 «Beati
511 978 587 1040 qui
617 977 961 1041 persecutionem
1001 981 1230 1042 patiuntur
1272 994 1454 1046 propter

82 1047 373 1109 >2jiistitiam‘¹.
404 1069 424 1089 >2
468 1048 567 1092 Non
608 1064 712 1107 ergo
747 1048 823 1110 qui
859 1060 1037 1112 propter
1072 1051 1342 1114 iniquitatem
1368 1090 1379 1109 ,
1413 1064 1455 1098 et

79 1128 261 1180 propter
285 1117 545 1163 Christianae
568 1117 744 1162 unitatis
764 1118 946 1180 impiam
970 1119 1222 1166 divisionem
1240 1159 1250 1178 ‚
1281 1122 1352 1168 sed
1376 1122 1454 1185 qui

80 1188 491 1250 propterjustitiam
512 1190 855 1250 persecutionem
882 1188 1114 1250 patiuntur
1131 1227 1142 1245 ,
1175 1191 1223 1236 hi
1244 1202 1454 1254 martyres

81 1258 168 1303 veri
194 1269 306 1305 sunt.
342 1260 452 1304 Nam
477 1269 518 1304 et
539 1260 650 1318 Agar
670 1275 792 1321 passa
821 1269 881 1303 est
905 1260 1247 1321 persecutionem
1268 1280 1290 1307 a
1315 1262 1420 1307 Sara
1438 1299 1451 1320 ,

81 1337 123 1372 et
144 1327 217 1373 illa
242 1338 331 1373 erat
355 1338 500 1373 sancta
521 1344 620 1391 quae
638 1327 850 1382 faciebat,
870 1328 943 1373 illa
960 1329 1109 1393 iniqua
1131 1348 1229 1393 quae
1248 1332 1451 1388 patieba-

81 1397 200 1443 tur2.
233 1396 458 1460 Numquid
482 1397 588 1442 huic
609 1396 915 1459 persecutioni,
937 1415 1068 1461 quam
1091 1417 1214 1462 passa
1231 1394 1292 1446 est
1317 1403 1444 1461 Agar,

80 1468 401 1530 comparandus
440 1478 501 1513 cst
533 1477 707 1512 sanctus
740 1466 910 1522 David,
946 1485 1072 1531 quem
1106 1481 1354 1532 persecutus
1387 1481 1450 1516 est

79 1536 256 1599 iniquus
277 1536 444 1582 Saul-³?
464 1536 600 1582 Valde
622 1537 772 1599 utique
786 1536 932 1592 distat,
958 1555 1045 1583 non
1059 1539 1160 1601 quia
1183 1541 1447 1602 patiebatur,

81 1607 154 1653 sed
176 1609 278 1671 quia
301 1618 482 1671 propter
501 1607 717 1667 justitiam
742 1607 1007 1670 patiebatur.
1041 1610 1095 1654 Et
1116 1610 1207 1673 ipse
1240 1611 1450 1657 Dominus

82 1694 182 1723 cum
208 1677 456 1723 latronibus
487 1677 718 1722 crucifixus
753 1676 843 1722 estl¹
869 1695 880 1722 t
907 1677 979 1722 sed
997 1695 1104 1741 quos
1132 1681 1271 1742 passio
1289 1684 1449 1740 junge-

79 1749 175 1805 bat,
197 1766 325 1795 causa
346 1749 588 1812 separabat.
610 1747 714 1793 Ideo
727 1748 771 1792 in
787 1748 956 1794 Psalmo
977 1766 1055 1795 vox
1079 1749 1151 1795 illa
1172 1751 1450 1811 intelligenda

80 1831 142 1866 est
162 1836 361 1866 verorum
383 1830 640 1883 martyrum,
667 1818 904 1863 volentium
929 1836 970 1864 se
989 1818 1175 1865 discerni
1196 1838 1218 1865 a
1242 1822 1450 1884 martyri-

80 1891 163 1936 bus
180 1890 319 1945 falsis,
342 1911 362 1931 α
381 1889 536 1935 Judica
559 1905 642 1943 me,
671 1890 804 1945 Deus,
833 1898 873 1934 et
900 1888 1093 1935 discerne
1111 1906 1284 1935 causam
1310 1909 1451 1938 meam

82 1981 103 2002 ))
120 1959 174 2006 de
213 1969 337 2019 gente
361 1976 449 2005 non
473 1969 620 2004 sancta
634 1958 666 2004 5.
696 1979 715 1998 n
741 1957 839 2002 Non
875 1957 998 2014 dixit,
1033 1959 1239 2005 Discerne
1270 1977 1450 2023 poenam

80 2048 218 2077 meam
246 2048 257 2075 ι
287 2029 360 2076 sed
378 2067 390 2086 ,
418 2050 438 2071 «
458 2029 662 2075 Discerne
679 2044 849 2074 causam
869 2045 1052 2075 meam.»
1070 2030 1342 2076 Potestenim
1363 2049 1448 2078 esse

80 2100 315 2164 impiorum
357 2099 507 2146 similis
535 2116 668 2163 poena
687 2135 698 2154 ,
738 2098 811 2144 sed
853 2098 1069 2145 dissimilis
1109 2110 1170 2145 cst
1207 2113 1449 2165 martyrum

81 2187 234 2227 causa,
258 2186 447 2233 quorum
470 2180 511 2214 et
539 2169 613 2215 illa
639 2185 718 2214 vox
746 2179 808 2213 est
830 2205 840 2224 ‚
868 2189 888 2209 <‹
911 2170 1074 2228 Injuste
1108 2172 1324 2232 persecuti
1350 2183 1449 2218 sunt

82 2262 104 2283 »
124 2258 216 2298 me,
249 2240 407 2300 adjuva
432 2240 544 2287 mess.
572 2261 592 2281 >2
622 2238 725 2284 Ideo
756 2256 798 2284 se
833 2238 1015 2299 dignum
1053 2240 1339 2296 existimavit,
1373 2243 1450 2306 qui

81 2311 359 2372 adjuvaretur
375 2313 514 2370 juste,
543 2309 647 2373 quia
665 2308 727 2354 illi
749 2310 1121 2372 persequebantur
1140 2311 1311 2370 injuste.
1338 2313 1450 2358 Nam

80 2381 114 2429 si
136 2385 250 2441 Juste
281 2380 346 2427 illi
365 2389 724 2444 persequerentur
744 2417 755 2439 ‚
780 2396 866 2425 non
886 2378 1026 2425 fuerat
1051 2380 1322 2440 adjuvandus
1339 2419 1351 2439 ,
1375 2383 1448 2429 sed

80 2450 379 2512 corrigendus.

128 2550 322 2593 ¹Mat1h.v,
342 2561 391 2581 10.
408 2567 451 2574 —
465 2547 577 2584 2Gen.
603 2560 686 2592 xvr,
703 2551 739 2583 6.
757 2568 801 2574 -
816 2547 830 2572 3
860 2561 872 2580 1
893 2552 971 2592 Reg.
990 2560 1057 2587 xix,
1084 2560 1138 2590 «ιο,
1157 2555 1187 2584 et
1211 2561 1309 2592 xxm,
1337 2559 1389 2591 14.
1404 2570 1447 2578 —

81 2603 95 2630 ⁴
109 2608 184 2641 Luc.
200 2616 298 2648 xxm,
312 2606 366 2637 33.
382 2621 424 2630 —
438 2602 453 2628 ⁵
473 2603 557 2641 Pal.
575 2615 659 2652 nu,
679 2618 712 2642 1.
735 2624 778 2634 -
796 2603 810 2628 ὅ
829 2604 875 2638 Id.
892 2615 1010 2646 cxvtu,
1025 2605 1080 2638 86.
