1799 3251
543 288 753 318 ErisronA
791 289 1014 320 Ctxxxvn.
1369 281 1461 326 525

89 373 111 394 «
136 353 224 417 Spe
243 352 359 398 enim
391 352 497 398 salvi
526 351 627 398 facti
654 352 851 408 sumus1‚
879 376 898 395 »
926 355 1037 399 sicut
1067 357 1300 418 Apostolus
1327 359 1461 414 dicit;

89 439 192 468 cum
213 422 297 467 alio
315 421 411 467 loco
436 421 554 467 dicat
575 439 585 466 ε
607 443 627 462 «
651 422 800 468 Salvos
822 440 898 468 nos
922 423 1022 469 fecit
1044 442 1122 487 per
1139 426 1364 473 lavacrum
1388 446 1458 474 re-

89 512 111 533 »
135 492 463 552 generationis2.
489 514 508 534 »
532 492 643 538 Cum
676 509 775 551 ergo
802 492 875 538 hic
899 493 1017 538 dicat
1041 512 1051 539 ε
1081 516 1099 535 α
1126 495 1275 542 Salvos
1298 515 1375 543 nos
1399 497 1461 544 fe-

89 582 111 603 »
135 561 216 617 cit,
240 582 261 604 »
285 572 488 624 tanquam
509 561 622 607 salus
638 563 729 624 ipsa
749 565 838 621 jam
860 562 960 608 data
982 564 1060 614 sit,
1088 566 1461 627 quemadmodum

89 631 418 692 intelligendum
460 633 539 688 sit,
580 632 670 678 illic
705 633 898 694 exponit,
939 634 1016 678 ubi
1053 635 1149 680 ait:
1176 657 1195 677 a
1221 636 1308 699 Spe
1344 639 1456 683 enim

90 722 110 742 »
135 701 240 746 salvi
255 701 357 747 facti
373 719 535 749 sumus.
564 703 670 765 Spes
688 712 830 747 autem
848 719 948 765 quae
964 703 1150 760 videtur,
1167 722 1253 750 non
1269 717 1331 751 est
1345 724 1454 770 spes.

87 792 108 813 »
134 771 264 827 Quod
284 773 398 817 enirn
418 772 536 817 videt
552 773 648 836 quis
662 809 672 827 ,
690 771 798 835 quid
816 775 984 834 sperat?
1005 773 1050 817 Si
1069 784 1209 819 autem
1231 776 1351 837 quod
1371 794 1459 821 non

88 862 109 882 n
133 841 330 887 videmus
344 859 584 905 speramus,
604 859 683 905 per
696 842 947 905 patientiam
967 854 1254 906 expectamus.
1279 865 1301 886 »
1324 845 1460 891 Multa

87 928 275 974 namque
295 911 505 957 dicuntur
525 912 570 957 in
601 912 838 975 Scripturis
857 923 1063 975 tanquam
1079 912 1192 958 facta
1218 915 1300 959 sint
1318 951 1329 971 ‚
1358 932 1459 961 cum

85 980 133 1025 in
165 997 240 1043 spe
270 981 420 1027 adhuc
445 996 532 1026 esse
552 982 864 1041 intelligantur.
905 981 1029 1027 Unde
1053 993 1113 1027 est
1136 997 1178 1027 et
1205 984 1315 1029 illud
1342 984 1460 1047 quod

88 1050 304 1095 Dominus
341 1050 581 1113 Discipulis
614 1052 672 1096 ait
704 1071 713 1096 ι
742 1051 938 1096 «Omnia
971 1067 1072 1113 quae
1104 1051 1251 1098 audivi
1283 1070 1306 1097 a
1333 1055 1460 1099 Patre

88 1140 110 1160 ›>
132 1136 228 1164 meo
244 1156 255 1175 ‚
281 1129 384 1164 nota
409 1119 492 1164 feci
526 1120 649 1165 vobis
663 1120 696 1166 ³.
719 1119 888 1176 »Quod
921 1136 1055 1182 usque
1090 1120 1196 1165 adeo
1220 1122 1456 1169 secundum

87 1206 206 1253 spem
231 1189 398 1235 dictum
435 1201 497 1235 est
531 1190 777 1236 futurorum
795 1227 805 1245 ‚
842 1201 888 1235 ut
912 1190 969 1235 eis
992 1190 1274 1252 postmodum
1307 1192 1457 1238 dicat:

87 1281 108 1301 c<
135 1259 279 1304 Multa
311 1259 453 1304 habeo
488 1260 614 1306 vobis
645 1260 811 1315 dicere,
851 1259 924 1304 sed
959 1276 1044 1304 non
1078 1260 1256 1322 potestis
1286 1273 1460 1324 portare

88 1350 109 1371 »
130 1328 261 1374 modo
273 1328 307 1376 Α.
335 1349 355 1370 »
379 1329 478 1388 Agit
497 1346 596 1389 ergo
621 1331 663 1374 in
691 1330 852 1392 quibus
877 1328 1132 1374 mortalibus
1157 1329 1302 1375 adhuc
1327 1331 1462 1376 habi-

87 1409 179 1455 tat,
211 1399 350 1462 ipsam
374 1398 709 1444 aedificationem
746 1398 990 1444 habitaculi
1024 1399 1114 1453 sui,
1141 1415 1272 1461 quam
1307 1418 1394 1445 non
1414 1401 1460 1445 in

87 1470 166 1514 ista
181 1505 192 1525 ,
213 1468 286 1514 sed
309 1469 354 1513 in
373 1467 455 1513 alia
471 1468 701 1531 posthanc
726 1469 860 1514 vitam
883 1467 1053 1530 perficit
1074 1504 1085 1522 ‚
1108 1468 1284 1530 quando
1305 1471 1462 1515 absor-

88 1539 268 1584 bebitur
293 1554 407 1582 mors
432 1538 477 1582 in
501 1538 730 1583 victoriam
748 1575 758 1593 ‚
786 1538 1041 1600 diceturque
1071 1536 1134 1582 illi
1163 1555 1173 1581 :
1197 1559 1217 1579 <‹
1239 1539 1327 1583 Ubi
1364 1550 1455 1594 est,

89 1630 110 1652 n
133 1625 273 1663 mors,
300 1607 481 1652 victoria
517 1611 619 1652 tua?
652 1608 727 1652 ubi
762 1618 849 1663 est,
876 1624 987 1652 mors
1005 1643 1015 1660 ‚
1043 1606 1218 1652 aculeus
1246 1609 1409 1654 tuus5?
1436 1630 1456 1650 »

90 1678 210 1737 Quid
230 1689 292 1723 est
319 1688 460 1723 autem
485 1678 634 1722 mortis
656 1677 828 1723 aculeus
845 1715 856 1733 ‚
882 1678 960 1722 nisi
980 1680 1242 1739 peccatum?

154 1749 364 1795 XXVIII.
400 1750 588 1811 Propter
604 1748 724 1811 quod
754 1765 870 1793 nunc
895 1748 1024 1792 etiam
1050 1747 1186 1791 renati
1221 1764 1267 1792 ex
1288 1765 1397 1810 aqua
1417 1759 1458 1794 et

91 1821 281 1883 Spiritu,
317 1819 607 1881 omnibusque
634 1820 824 1882 peccatis
848 1820 934 1863 sive
960 1817 1136 1876 originis
1155 1834 1201 1861 ex
1225 1817 1389 1874 Adam,
1411 1819 1458 1864 in

89 1907 178 1953 quo
202 1906 349 1935 omnes
373 1900 667 1951 peccaverunt
684 1926 695 1944 ‚
723 1888 809 1934 sive
837 1887 1077 1941 factorum,
1102 1886 1320 1932 dictorum
1340 1924 1350 1942 ‚
1381 1905 1460 1933 co-

90 1960 440 2021 gitationumque
475 1969 719 2003 nostrarum
754 1958 799 2003 in
834 1958 949 2003 illius
981 1956 1141 2001 lavacri
1177 1957 1459 2002 mundatione

91 2030 241 2076 deletis
262 2046 272 2073 :
299 2039 439 2073 tamen
464 2028 566 2091 quia
589 2044 813 2072 manemus
838 2028 883 2072 in
915 2027 998 2072 hac
1019 2026 1104 2070 vita
1122 2024 1337 2080 humana,
1359 2043 1460 2088 quae

93 2101 270 2146 tentatio
281 2110 340 2144 est
359 2115 488 2160 super
508 2108 682 2153 terram,
696 2097 848 2142 merito
868 2096 1053 2141 dicimus
1072 2112 1082 2139 :
1106 2096 1318 2140 «Dimitte
1336 2096 1463 2140 nobis

93 2193 114 2213 »
137 2170 286 2216 debita
319 2168 504 2214 nostrass.
536 2189 556 2208 »
590 2171 647 2212 Et
681 2168 797 2213 hanc
835 2168 1087 2213 Orationem
1123 2165 1231 2209 dicit
1265 2167 1461 2212 universa

94 2240 286 2288 Ecclesia
304 2276 315 2294 ,
338 2255 467 2301 quam
491 2238 675 2283 mundat
694 2240 889 2283 Salvator
913 2237 1086 2282 lavacro
1102 2252 1226 2297 aquae
1244 2236 1287 2280 in
1305 2236 1458 2291 verbo,

93 2323 143 2358 ut
175 2328 268 2356 eam
299 2310 381 2355 sibi
412 2308 612 2353 exhibeat
638 2308 863 2368 gloriosam
885 2344 896 2363 ‚
923 2323 1009 2351 non
1036 2306 1270 2350 habentem
1306 2322 1460 2350 macu-

91 2383 179 2429 lam
202 2392 278 2427 aut
300 2396 449 2440 rugam
475 2390 550 2423 aut
568 2378 733 2441 aliquid
757 2375 1001 2438 ejusmodi7
1021 2395 1032 2428 ;
1060 2386 1164 2420 tunc
1186 2377 1333 2437 utique
1358 2392 1459 2420 cum

93 2451 344 2516 perficietur
378 2449 423 2493 in
455 2465 522 2503 re,
558 2448 636 2493 ubi
673 2464 790 2493 nunc
824 2444 1096 2510 proficiendo
1133 2445 1384 2490 ambulatur
1416 2446 1459 2489 in

143 2553 155 2574 Ι
173 2555 266 2583 Rom.
286 2560 357 2587 vm,
375 2554 430 2585 24.
445 2565 482 2571 —
501 2546 517 2568 ²
535 2548 597 2580 Tit.
613 2559 666 2590 111,
684 2550 717 2581 5.
735 2565 778 2571 -—
800 2545 814 2569 ³
831 2549 924 2578 Joau.
948 2555 1002 2581 xv,
1021 2546 1075 2578 15.
1094 2562 1136 2568 —
1158 2542 1171 2565 4
1190 2544 1238 2577 1d.
1256 2555 1322 2581 xv1,
1345 2555 1398 2578 ια.
1415 2561 1461 2568 -

94 2607 109 2630 ⁵
129 2619 142 2638 1
164 2609 238 2639 Cor.
261 2615 314 2644 xv,
334 2606 389 2637 55.
409 2621 448 2627 -
466 2600 482 2623 ⁶
500 2601 618 2636 matth.
636 2613 677 2640 vi,
701 2613 752 2635 12.
766 2599 838 2625 -7
853 2602 970 2645 Ephes,
990 2610 1021 2640 v,
1035 2601 1089 2632 26.
