1799 3251
528 298 741 336 ‘izers'rom
774 298 937 336 cxtvrt.
1347 290 1434 354 139

63 380 112 416 ea
133 371 323 431 attigeris
347 370 528 425 visibus,
555 369 629 415 sed
655 368 744 414 sola
762 379 902 414 mente
922 369 1112 425 intuens,
1136 385 1235 416 vera
1257 379 1299 415 et
1317 380 1433 416 certa

63 449 151 487 esse
167 441 425 505 perpexeris‚
448 442 560 486 sicut
585 439 854 485 voluntatem
879 449 996 484 tuam
1016 477 1026 495 ,
1053 440 1106 485 de
1129 456 1215 503 qua
1244 456 1321 499 ego
1353 441 1434 485 tibi

64 511 238 556 credere
259 511 452 575 loquenti
474 527 648 574 possum
664 547 674 565 ‚
702 527 794 554 eam
820 527 920 555 vero
940 547 950 566 ‚
987 519 1035 555 ut
1059 510 1136 555 abs
1162 520 1202 555 te
1231 509 1404 556 videtur
1420 547 1430 566 ,

63 581 207 627 videre
226 583 316 645 ipse
338 599 424 627 non
446 597 636 645 possum.
677 582 727 625 tit
753 596 852 625 cum
884 580 981 625 haec
1009 591 1192 643 utraque
1223 576 1434 626 discreve-

63 653 142 707 ris,
165 652 293 697 etiam
313 652 355 697 id
383 652 556 697 attende
573 650 689 697 unde
717 651 951 696 discernas.
985 651 1196 707 Quamvis
1214 651 1326 696 enim
1353 651 1433 696 alia

62 739 273 785 corpore,
308 723 388 767 alia
422 732 564 767 niente
598 721 850 774 videamu53
878 721 1036 765 horum
1074 731 1218 765 tamen
1247 720 1434 765 duorum

61 802 263 853 generum
289 793 381 858 ipsa
406 793 608 839 discretio
638 792 811 838 videtur
832 802 974 837 mente
990 828 999 846 ,
1037 808 1126 836 non
1146 808 1357 855 corpore3
1395 801 1436 835 et

61 880 109 908 ea
128 880 227 927 quae
251 875 392 909 mente
415 864 748 926 conspiciuntur
763 900 772 918 ,
797 880 886 908 non
908 861 1105 922 indigent
1125 861 1215 908 ullo
1242 863 1436 926 corporis

61 942 201 989 sensu,
229 945 276 980 ut
292 951 339 980 ea
363 951 459 979 vera
479 951 565 980 esse
583 935 845 979 noverimus,
874 933 988 988 Quae
1008 943 1150 978 autem
1174 950 1252 997 per
1276 949 1436 996 corpus

59 1003 287 1071 videntur,
311 1005 391 1049 nisi
421 1021 540 1049 mens
563 1003 701 1057 adsit,
725 1020 824 1066 quae
845 1003 946 1048 talia
968 1003 1166 1048 nuntiata
1194 1003 1402 1067 suscipiat
1422 1039 1430 1054 ,

60 1073 177 1120 nulla
211 1085 389 1138 possunt
416 1075 594 1120 scientia
627 1074 865 1119 contineri:
898 1085 939 1119 et
970 1091 1069 1136 quae
1094 1075 1290 1119 nuntiata
1314 1073 1435 1137 quasi

55 1144 274 1208 suscipere
297 1145 556 1208 perhibetur
574 1182 581 1199 ,
616 1144 720 1189 foris
739 1162 786 1189 ea
803 1143 1025 1207 relinquit.
1053 1143 1136 1189 Sed
1157 1161 1305 1189 eorum
1326 1145 1435 1189 ima-

59 1216 194 1275 gines.
214 1215 257 1260 id
284 1226 360 1262 est.
384 1216 662 1278 incorporeas
686 1214 990 1260 similitudines
1009 1231 1245 1278 corporum
1262 1252 1272 1270 ‚
1292 1215 1435 1260 incor-

53 1285 269 1348 poraliter
290 1286 567 1330 commendat
595 1285 840 1339 memoriae‚
884 1284 999 1329 unde
1042 1302 1142 1330 cum
1177 1285 1361 1331 voluerit
1395 1295 1436 1330 et

54 1356 277 1419 potuerit,
299 1356 416 1401 velut
435 1356 488 1401 de
514 1356 709 1401 custodia
732 1355 970 1418 productas
996 1366 1126 1418 atque
1155 1356 1200 1401 in
1234 1372 1439 1418 conspec-

52 1435 153 1471 tum
174 1426 444 1484 cogitationis
463 1426 675 1471 exhibitas
700 1424 886 1487 judicet.
922 1426 978 1469 Et
1008 1442 1108 1470 cum
1142 1425 1273 1481 valet,
1307 1426 1434 1470 etiam

57 1495 137 1541 ista
155 1495 245 1540 duo
271 1495 502 1551 discernit,
537 1496 644 1559 quid
664 1496 706 1541 in
732 1496 874 1559 specie
894 1495 1113 1558 corporali
1130 1495 1234 1541 foris
1253 1495 1436 1558 relique·

57 1566 131 1622 rit,
161 1565 269 1629 quid
294 1568 386 1628 ejus
409 1567 546 1612 simile
564 1567 680 1612 intus
701 1566 902 1629 aspiciat;
933 1576 973 1611 et
996 1565 1106 1611 illud
1136 1567 1311 1621 absens,
1345 1567 1433 1611 hoc

56 1646 246 1701 pr'aesen‘s
263 1654 349 1682 esse
371 1637 584 1697 dignoscit
604 1655 614 1682 t
643 1639 754 1683 sicut
777 1654 842 1682 me
869 1636 1044 1682 absente
1060 1636 1214 1682 faciem
1236 1638 1319 1682 mei
1340 1654 1434 1682 cor-

54 1708 174 1771 poris
192 1708 370 1767 cogitas.
393 1718 434 1752 nt
455 1708 525 1753 ilia
551 1709 627 1752 tibi
649 1708 866 1766 estimago
879 1723 1095 1768 qraesens;
1120 1706 1272 1752 absens
1292 1718 1432 1752 autem

56 1777 202 1833 facies,
235 1782 360 1837 qu'us
379 1779 520 1838 imago
540 1788 600 1823 est
625 1795 636 1823 t
672 1788 712 1822 et
738 1777 835 1823 haec
853 1792 1035 1839 corpus,
1060 1776 1133 1823 illa
1159 1793 1261 1823 vero
1294 1777 1434 1823 incor-

55 1866 187 1915 porea
208 1852 402 1914 corporis
425 1851 664 1896 similitudo
688 1861 766 1896 est.

121 1925 327 1971 xxxix.
368 1926 424 1969 Iis
449 1943 574 1984 ergo,
604 1942 706 1989 quae
731 1923 848 1969 vides
870 1962 880 1978 ‚
912 1925 1140 1985 diligenter
1162 1923 1431 1988 fidenterque

55 1994 294 2059 perspectis
318 2005 446 2058 atque
481 1995 698 2040 distinctis
718 2031 727 2049 ‚
769 1995 944 2040 zttende
978 2012 1078 2059 quae
1103 1993 1242 2040 credis
1276 1994 1320 2039 in
1347 1994 1434 2039 hoc

54 2065 151 2128 ipso
170 2082 365 2110 sermone
386 2076 478 2110 toto
495 2103 505 2120 ‚
539 2083 589 2111 ex
611 2082 699 2130 quo
727 2064 780 2109 ad
807 2076 847 2109 te
875 2065 1000 2129 loqui
1023 2065 1093 2110 his
1113 2065 1265 2110 litteris
1282 2065 1428 2128 coepi3

55 2143 98 2179 et
119 2134 165 2179 in
185 2135 242 2180 eis
266 2135 387 2197 ipsis,
413 2136 574 2198 quibus
599 2153 686 2180 non
705 2135 804 2180 visis
830 2135 1135 2181 accommodas
1159 2135 1290 2180 fidem
1307 2173 1317 2190 ,
1339 2136 1432 2199 ipsa

56 2205 228 2270 testium
264 2204 460 2267 pondera
500 2206 788 2251 discernendo
811 2243 820 2261 ‚
858 2206 1095 2270 perpende.
1139 2205 1294 2273 ⁴Neque
1317 2206 1431 2251 enim

55 2274 165 2320 inihi
201 2275 262 2319 sic
286 2274 425 2320 credis
460 2276 832 2338 quemadmodum
860 2277 1096 2323 Ambrosio
1117 2313 1127 2332 ‚
1158 2276 1211 2321 de
1237 2279 1362 2336 cujus
1382 2276 1432 2321 li-

55 2344 147 2390 bris
170 2354 288 2390 tanta
311 2345 385 2391 iila
417 2347 659 2392 testimonia
694 2347 836 2411 posui.
865 2349 952 2394 Aut
988 2348 1022 2393 si
1054 2347 1269 2393 ambobus
1305 2347 1433 2393 nobis

55 2418 180 2479 aequa'
207 2414 329 2462 lance
353 2428 483 2480 putas
509 2436 596 2464 esse
616 2419 909 2477 credendum,
931 2417 1151 2482 numquid
1181 2418 1271 2464 ullo
1297 2418 1429 2464 modo

54 2487 285 2547 Effangeiio
305 2505 382 2533 nos
400 2491 678 2553 comparabis
694 2528 704 2546 ‚
731 2501 806 2536 aut
823 2493 985 2555 scripta
1012 2499 1158 2536 nostra
1183 2489 1425 2554 Scripturis

57 2556 277 2603 canonicis
313 2560 593 2622 coaequabis‘?
619 2561 821 2608 Profecto
854 2561 888 2607 si
922 2571 1037 2607 recte
1062 2560 1107 2606 in
1140 2558 1429 2619 dijudicando

56 2627 171 2693 sapis
189 2627 315 2690 longe
338 2647 416 2676 nos
435 2631 548 2677 infra
566 2631 685 2680 vides
709 2633 765 2679 ab
791 2632 864 2680 illa
888 2633 1147 2680 auctoritate
1167 2630 1339 2679 distare.
1373 2631 1428 2677 Et
