1799 3251
283 265 377 312 366
704 278 738 309 ε.
782 276 1026 309 Aueusrmi
1060 275 1266 311 Emscom

280 343 630 409 inseparabiliter
649 353 854 407 operatur
877 361 888 389 z
917 360 967 389 ac
994 359 1072 406 per
1093 342 1181 388 boc
1206 359 1286 389 nec
1309 359 1461 406 vocem
1480 344 1622 393 Patris
1642 381 1654 401 ‚

282 434 363 463 nec
394 416 579 462 animam
616 425 657 461 et
691 432 862 461 carnem
896 414 1022 465 Filii,
1060 430 1138 458 nec
1175 413 1424 460 columbam
1468 415 1659 478 Spiritus

283 487 420 533 sancti
443 504 528 532 esse
550 485 708 531 factam
723 522 733 540 ‚
760 485 840 530 nisi
866 485 1013 530 eadem
1046 495 1305 546 cooperante
1328 485 1555 538 Trinitate.

350 558 450 604 Vll.
487 557 575 601 Nee
597 573 696 601 sane
710 572 840 600 sonus
865 555 936 600 ille
961 555 1076 599 vocis
1097 591 1106 609 ‚
1131 554 1205 616 qui
1226 555 1430 599 continuo
1454 573 1541 601 csse
1568 555 1660 601 des-

285 627 399 682 titit,
431 636 657 689 coaptatus
681 636 742 670 cst
765 626 810 670 in
834 626 1045 670 unitatem
1076 642 1272 687 personae
1291 625 1430 670 Patris
1446 663 1456 679 ‚
1487 643 1565 671 nec
1588 626 1662 672 illa

288 696 508 744 columbae
527 696 688 759 species
709 695 949 758 corporalis
965 706 1168 756 coaptata
1195 705 1254 739 est
1274 695 1317 739 in
1341 695 1546 741 unitatem
1567 713 1662 759 per-

287 783 404 813 sonae
429 765 618 828 Spiritus
644 766 797 811 sancti.
822 766 931 810 Nam
955 765 1047 826 ipsa
1074 781 1247 826 quoque
1266 801 1276 819 ‚
1304 765 1415 810 sicut
1438 766 1573 813 nubes
1590 766 1664 813 illa

285 836 433 883 lucida
448 873 458 891 ,
479 852 578 898 quae
596 835 767 898 operuit
783 835 827 880 in
849 846 994 879 monte
1016 851 1115 878 cum
1146 835 1286 879 tribus
1314 835 1547 898 Discipulis
1565 835 1665 883 Sal-

288 906 530 960 vatore1n‘1‚
550 905 616 951 vel
638 905 783 968 potius
805 904 917 949 sicut
935 904 1007 948 ille
1034 904 1144 962 ignis
1161 940 1170 952 .
1201 904 1277 966 qui
1303 904 1501 952 eumdem
1529 905 1666 968 Spiri-

287 986 381 1022 tum
415 985 611 1021 sanctum
647 974 1006 1028 de1nonstravit2‚
1049 973 1190 1018 officio
1229 974 1554 1033 significationis
1578 979 1666 1023 im-

286 1047 432 1110 pleto,
459 1063 556 1091 mox
589 1063 674 1093 esse
703 1045 871 1091 desivit.
909 1044 993 1089 Sed
1027 1045 1140 1089 solus
1165 1045 1298 1090 homo
1316 1082 1326 1099 ‚
1354 1047 1455 1109 quia
1486 1057 1668 1110 propter

290 1117 432 1180 ipsam
454 1127 652 1162 naturam
679 1116 950 1163 liberandam
978 1115 1049 1161 illa
1070 1117 1213 1160 omnia
1237 1117 1423 1170 fiebant,
1450 1118 1494 1163 in
1520 1120 1668 1163 unita-

292 1197 378 1232 tem
404 1203 598 1250 personae
624 1186 755 1232 Verbi
788 1186 893 1240 Dei,
927 1185 1015 1230 hoc
1046 1195 1126 1240 est,
1159 1186 1275 1231 unici
1305 1186 1403 1232 Filii
1428 1188 1509 1233 Dei
1535 1190 1670 1234 mira-

293 1258 375 1304 bili
399 1268 439 1303 et
463 1256 668 1316 singulari
693 1257 964 1319 susceptione
999 1267 1230 1318 coaptatus
1266 1266 1352 1309 cst,
1392 1269 1672 1320 permanente

295 1339 440 1374 tamen
475 1329 620 1373 Verbo
651 1327 695 1372 in
730 1344 805 1373 sua
840 1338 995 1372 natura
1030 1327 1464 1384 incommutabiliter,
1506 1329 1552 1374 in
1585 1345 1672 1391 qua

294 1399 409 1445 nihil
429 1398 660 1461 compositi
687 1414 786 1443 cuin
805 1415 893 1461 quo
911 1398 1114 1442 subsistat
1137 1397 1222 1442 ulla
1242 1397 1472 1460 phantasia
1490 1398 1675 1444 humani

296 1469 428 1516 animi
457 1468 770 1531 suspicandum
801 1479 876 1514 est.
915 1468 1094 1526 Legitur
1116 1468 1294 1530 quidem
1324 1486 1334 1513 :
1364 1490 1383 1509 α
1402 1470 1456 1514 Et
1483 1470 1674 1532 Spiritus

297 1561 319 1582 >3
343 1540 566 1602 sapientiae
580 1538 833 1601 multiplex3
853 1558 863 1591 ;
880 1559 901 1579 >>
918 1539 990 1583 sed
1012 1549 1125 1583 recte
1140 1538 1304 1583 dicitur
1321 1539 1450 1584 etiam
1471 1539 1669 1602 simplex.

297 1609 531 1672 Multiplex
555 1610 688 1659 enim,
712 1609 919 1672 quoniam
945 1608 1083 1653 inulta
1114 1620 1215 1653 sunt
1248 1625 1348 1670 quae
1374 1609 1536 1662 habet3
1573 1610 1673 1654 sim-

297 1679 396 1743 plex
417 1690 559 1724 autem
576 1716 586 1733 ‚
609 1679 711 1742 quia
737 1695 825 1723 non
853 1678 969 1723 aliud
991 1695 1121 1740 quam
1147 1678 1267 1742 quod
1294 1679 1507 1724 habetest
1529 1697 1540 1724 z
1561 1680 1674 1742 sicut

300 1751 445 1797 dictus
461 1761 520 1796 est
540 1750 671 1795 Filius
688 1749 850 1795 habere
867 1750 1000 1794 vitam
1018 1750 1062 1794 in
1087 1750 1313 1812 semetipso
1329 1787 1339 1805 ‚
1359 1762 1401 1796 et
1417 1750 1565 1795 eadem
1586 1751 1674 1796 vita

299 1823 392 1884 ipse
415 1820 518 1868 est4.
559 1821 702 1865 Homo
726 1831 867 1865 autem
891 1820 1036 1865 Verbo
1068 1821 1243 1866 accessit
1263 1858 1273 1875 ‚
1303 1838 1392 1866 non
1414 1822 1602 1867 Verbum
1627 1822 1673 1867 in

296 1892 520 1948 hominem
540 1890 880 1936 convertibiliter
910 1891 1111 1942 accessit;
1146 1902 1274 1954 atque
1301 1892 1360 1936 ita
1383 1903 1423 1936 et
1440 1892 1570 1937 Filius
1593 1892 1673 1937 Dei

300 1962 429 2009 simul
460 1978 560 2007 cuin
596 1961 772 2006 homine
794 1971 994 2023 suscepto
1024 1961 1215 2014 (licitum
1255 1960 1369 2006 unde
1393 1962 1507 2006 idem
1539 1961 1673 2006 Filius

300 2036 381 2082 Dei
408 2033 778 2080 incommutabilis
807 2044 869 2078 est
908 2045 1035 2095 atque
1068 2044 1309 2078 coaeternus
1342 2034 1485 2087 Patri,
1516 2033 1590 2079 secl
1626 2033 1672 2078 in

299 2106 444 2153 Verbo
462 2104 573 2156 solo;
597 2114 637 2148 et
664 2103 857 2165 sepultus
881 2114 942 2147 est
968 2102 1099 2147 Filius
1124 2103 1199 2147 Dei
1217 2140 1226 2157 ‚
1256 2102 1327 2147 sed
1351 2103 1393 2147 in
1412 2120 1542 2148 carne
1562 2102 1664 2150 sola.

363 2175 486 2221 Vlll.
518 2174 707 2218 Proinde
731 2190 831 2235 quae
852 2173 904 2217 de
927 2172 1036 2216 Filio
1064 2173 1141 2217 Dei
1160 2173 1291 2218 verba
1316 2172 1576 2228 dicuntur5,
1601 2173 1671 2217 vi-

298 2245 489 2293 dendum
508 2255 570 2289 est
591 2243 829 2289 secundum
854 2242 962 2306 quid
986 2243 1204 2289 dicantur.
1236 2244 1334 2288 Non
1361 2244 1471 2288 enim
1495 2243 1672 2289 homine

299 2327 519 2379 assumpto
554 2331 835 2378 personarum
870 2330 1074 2358 numerus
1104 2324 1254 2358 auctus
1289 2325 1374 2367 est,
1412 2313 1485 2359 sed
1521 2313 1669 2359 eadem

298 2388 488 2433 Trinitas
518 2386 689 2431 mansit.
722 2385 832 2429 Nam
858 2385 969 2429 sicut
991 2385 1033 2429 in
1062 2384 1238 2429 lioinine
1261 2384 1484 2448 quolibet,
1511 2395 1672 2447 praeter

295 2474 432 2505 unum
450 2456 574 2502 illum
597 2455 675 2519 qui
690 2454 961 2515 singulariter
983 2466 1206 2518 susceptus
1230 2466 1318 2512 est,
1337 2455 1479 2501 anima
1504 2466 1546 2501 et
1569 2472 1671 2501 cor-

343 2556 355 2579 ¹
376 2555 495 2588 Maith.
511 2565 591 2593 xvxi,
614 2555 647 2589 5.
668 2552 740 2578 ...2
757 2557 829 2587 Act.
848 2565 886 2597 ιι,
904 2556 990 2586 3.-
1008 2551 1022 2578 3
1040 2556 1115 2599 Sap.
1136 2564 1196 2594 vn,
1216 2564 1271 2589 22.
1286 2570 1331 2580 —
1349 2551 1471 2587 ⁴Joan.
1491 2565 1524 2599 V,
1545 2556 1602 2590 26.
1624 2573 1668 2581 —

291 2611 307 2639 ⁵
323 2611 407 2650 Vide
420 2611 516 2656 epist.
539 2611 617 2652 187,
633 2621 666 2645 c.
687 2612 720 2650 3,
734 2621 770 2646 n.
786 2611 806 2642 8
827 2615 858 2643 et
876 2621 909 2652 9.
1511 2610 1516 2613 '
