1799 3251
345 307 439 362 464
767 316 800 345 s
845 314 1086 344 Ateusth
1124 313 1323 344 emscori

409 384 571 431 XXIX.
593 385 790 427 Jamvero
816 396 916 424 cum
938 381 1045 443 ipsae
1064 378 1173 438 leges
1200 379 1411 425 venissent
1433 379 1477 425 in
1505 379 1712 437 Africam,

343 454 567 519 praecipue
587 451 648 497 illi
670 450 745 513 qui
782 450 1038 512 quaerebant
1073 449 1361 505 occasionem,
1405 461 1479 496 aut
1505 451 1712 497 saevitiam

344 526 581 571 furentium
617 520 883 576 metuebant,
919 531 994 566 aut
1011 537 1109 566 suos
1133 519 1543 566 verecundabantur
1575 523 1714 567 offen-

347 594 464 651 dere,
508 592 561 638 ad
607 589 847 636 Ecclesiam
878 590 1088 635 continuo
1111 588 1384 636 transierunt.
1435 591 1562 637 Multi
1586 593 1716 637 etiam

352 665 429 728 qui
449 663 539 709 sola
563 662 653 707 illic
671 679 693 706 a
717 660 974 724 parentibus
998 659 1156 706 tradita
1180 660 1491 707 consuetudine
1510 663 1723 709 teneban-

350 746 437 791 tur,
467 732 639 797 qualem
659 748 757 777 vero
777 747 949 776 causam
976 731 1068 794 ipsa
1091 729 1265 775 haeresis
1283 729 1481 788 haberet,
1498 750 1723 796 nunquam

351 815 475 851 antea
515 803 834 862 cogitaverant,
881 818 1108 864 nunquam
1150 816 1344 863 quaerere
1378 812 1419 846 et
1457 804 1726 849 considerare

350 874 607 928 voluerant3
650 889 747 917 mox
767 871 843 916 uhi
879 881 1114 934 coeperunt
1148 870 1383 924 advertere,
1410 882 1452 917 et
1476 873 1587 918 nihil
1613 875 1655 918 in
1679 891 1726 918 ea

352 945 534 1005 dignum
559 942 768 998 invenire,
796 951 977 1004 propter
995 940 1114 1004 quod
1134 950 1252 986 tanta
1272 940 1430 986 damna
1455 953 1724 1004 paterentur,

349 1016 437 1062 sine
462 1014 547 1060 ulla
566 1012 821 1058 difficultate
836 1011 1044 1057 catholici
1065 1012 1171 1057 facti
1194 1021 1305 1056 sunt.
1335 1014 1500 1058 Docuit
1519 1013 1634 1059 enim
1659 1031 1730 1060 eos

352 1084 618 1139 sollicitudo,
659 1100 767 1146 quos
798 1083 1057 1141 negligentes
1096 1083 1302 1127 securitas
1330 1082 1504 1130 fecerat.
1541 1085 1730 1130 Istorum

353 1167 451 1202 ante
475 1154 670 1201 omnium
708 1153 1048 1216 praecedentium
1089 1153 1390 1198 auctoritatem
1412 1165 1452 1198 et
1482 1155 1731 1216 persuasio-

354 1244 452 1272 nem
473 1226 606 1271 secuti
624 1235 725 1269 sunt
743 1222 886 1279 multi,
906 1223 982 1285 qui
1005 1224 1146 1268 minus
1164 1223 1308 1268 idonei
1333 1234 1453 1268 erant
1474 1242 1551 1287 per
1563 1225 1734 1289 seipsos

355 1295 609 1355 intelligere,
649 1293 756 1357 quid
791 1293 967 1338 distaret
985 1293 1097 1338 inter
1121 1293 1446 1339 Donatistarum
1468 1311 1675 1351 errorem,
1693 1306 1734 1340 et

356 1365 621 1412 catholicam
651 1365 888 1410 veritatem.

418 1437 558 1483 XXX.
588 1437 651 1481 Ita
679 1452 777 1480 cum
806 1451 960 1493 magna
984 1433 1152 1493 agmina
1179 1434 1443 1496 populorum
1473 1452 1572 1481 vera
1598 1446 1735 1481 mater

356 1508 400 1554 in
420 1508 562 1553 sinum
579 1505 769 1565 gaudens
800 1505 1022 1567 reciperet,
1044 1515 1341 1549 remanserunt
1375 1507 1518 1551 turhae
1538 1506 1678 1562 durae,
1697 1516 1738 1552 et

358 1578 404 1623 in
425 1577 498 1622 illa
522 1587 641 1639 peste
661 1575 822 1620 infelici
852 1574 1121 1619 animositate
1156 1574 1362 1620 sistentes.
1399 1576 1458 1620 Ex
1479 1575 1546 1621 his
1565 1592 1739 1639 quoque

358 1647 539 1710 plurimi
559 1644 806 1691 simulando
844 1643 1297 1695 communicaverunt,
1331 1643 1399 1689 alii
1425 1645 1644 1707 paucitate
1673 1645 1741 1691 la-

359 1728 551 1764 tuerunt.
574 1716 658 1762 Sed
677 1716 739 1761 illi
760 1715 837 1779 qui
859 1714 1123 1760 simulabant
1141 1714 1353 1778 paulatim
1378 1716 1674 1772 assuescendo,
1700 1726 1742 1762 et

363 1788 727 1854 praedicationem
749 1787 940 1832 veritatis
964 1785 1199 1840 audiendo,
1217 1786 1398 1830 maxime
1417 1798 1512 1849 post
1540 1787 1740 1833 collatio-

363 1877 460 1905 nem
491 1869 531 1904 et
555 1858 916 1920 disputationem,
932 1873 1032 1919 quae
1049 1858 1161 1901 inter
1182 1873 1257 1900 nos
1283 1866 1323 1900 et
1343 1858 1571 1921 episcopos
1594 1875 1742 1904 eorum

365 1929 483 1993 apud
508 1928 819 1987 Carthaginem
845 1926 947 1981 fuit,
977 1945 1022 1972 ex
1036 1944 1189 1985 magua
1205 1937 1328 1989 parte
1351 1929 1538 1973 correcti
1556 1939 1670 1975 sunt.
1693 1930 1744 1972 In

364 1997 629 2063 quibusdam
648 2014 747 2042 vero
769 1998 891 2051 locis,
916 1996 990 2041 uhi
1008 1997 1272 2059 pertinacior
1292 2007 1333 2041 et
1356 1997 1615 2060 impacatior
1630 2014 1745 2061 prae-

368 2068 506 2115 valuit
540 2067 797 2122 multitudo,
832 2066 902 2111 cui
944 2067 1135 2110 resistere
1170 2082 1257 2110 non
1285 2076 1485 2128 poterant
1521 2068 1748 2131 pauciores

368 2155 555 2201 quorum
582 2147 672 2182 erat
695 2136 846 2181 melior
865 2135 917 2180 de
936 2135 1241 2180 communione
1263 2137 1487 2193 sententia,
1513 2149 1588 2183 aut
1605 2137 1749 2183 turbae

372 2208 619 2254 auctoritati
649 2224 895 2270 paucorum
940 2206 1233 2270 potentiorum
1273 2206 1464 2253 subditae
1506 2210 1550 2253 in
1591 2207 1749 2253 malam

369 2289 537 2342 partem
551 2277 914 2340 obtemperarunt
933 2312 942 2330 ,
974 2275 1196 2338 aliquanto
1224 2275 1388 2321 diutius
1404 2277 1652 2323 laboratum
1668 2287 1741 2322 est.

372 2350 433 2394 Ex
455 2348 524 2394 his
549 2348 711 2392 suntin
734 2347 895 2410 quibus
930 2345 1075 2391 adhuc
1114 2345 1358 2402 laboratur,
1404 2347 1447 2392 in
1484 2365 1570 2411 quo
1603 2347 1750 2392 labore

372 2420 508 2465 multa
535 2418 741 2463 catholici
782 2428 822 2462 et
847 2417 1028 2462 maxime
1049 2417 1241 2479 episcopi
1279 2427 1319 2461 et
1360 2417 1506 2463 clerici
1533 2416 1751 2463 horrenda

373 2502 414 2536 et
438 2490 547 2535 dura
582 2488 772 2551 perpessi
799 2498 915 2541 sunt,
956 2503 1054 2549 qua}
1097 2503 1436 2532 commemorare
1460 2488 1635 2547 longum
1660 2496 1747 2537 est;

373 2559 549 2623 quando
574 2557 865 2620 quorumdam
897 2556 1067 2602 etoculi
1099 2556 1271 2600 extincti
1290 2568 1406 2612 sunt,
1447 2568 1488 2602 et
1523 2556 1751 2617 cujusdam

373 2628 568 2694 episcopi
605 2645 756 2674 manus
795 2638 836 2672 et
879 2626 1027 2686 lingua
1050 2627 1233 2690 praecisa
1259 2637 1319 2671 est
1346 2645 1356 2672 ι
1384 2626 1584 2673 nonnulli
1621 2626 1750 2673 etiam
