<?xml version="1.0" encoding="UTF-8"?>
<!DOCTYPE html PUBLIC "-//W3C//DTD XHTML 1.0 Transitional//EN"
    "http://www.w3.org/TR/xhtml1/DTD/xhtml1-transitional.dtd">
<html xmlns="http://www.w3.org/1999/xhtml" xml:lang="en" lang="en">
 <head>
  <title>
</title>
<meta http-equiv="Content-Type" content="text/html;charset=utf-8" />
  <meta name='ocr-system' content='tesseract 3.04.00' />
  <meta name='ocr-capabilities' content='ocr_page ocr_carea ocr_par ocr_line ocrx_word'/>
</head>
<body>
  <div class='ocr_page' id='page_1' title='image "./operaomniaaccura40auguuoft/operaomniaaccura40auguuoft_0532.png"; bbox 0 0 1799 3251; ppageno 0'>
   <div class='ocr_carea' id='block_1_1' title="bbox 294 265 1281 310">
    <p class='ocr_par' dir='ltr' id='par_1_1' title="bbox 294 265 1281 310">
     <span class='ocr_line' id='line_1_1' title="bbox 294 265 1281 310; baseline 0 -2"><span class='ocrx_word' id='word_1_1' title='bbox 294 265 386 310; x_wconf 77' lang='lat'>520</span> <span class='ocrx_word' id='word_1_2' title='bbox 720 281 754 310; x_wconf 89' lang='lat' dir='ltr'>s.</span> <span class='ocrx_word' id='word_1_3' title='bbox 798 279 1042 310; x_wconf 74' lang='lat' dir='ltr'>Aneusrlm</span> <span class='ocrx_word' id='word_1_4' title='bbox 1075 279 1281 310; x_wconf 76' lang='lat' dir='ltr'>EPlscopi</span> 
     </span>
    </p>
   </div>
   <div class='ocr_carea' id='block_1_2' title="bbox 284 342 1698 2520">
    <p class='ocr_par' dir='ltr' id='par_1_2' title="bbox 284 342 1684 1657">
     <span class='ocr_line' id='line_1_2' title="bbox 352 342 1665 408; baseline -0.001 -19"><span class='ocrx_word' id='word_1_5' title='bbox 352 346 473 392; x_wconf 79' lang='lat' dir='ltr'>XIX.</span> <span class='ocrx_word' id='word_1_6' title='bbox 507 346 657 408; x_wconf 87' lang='lat' dir='ltr'>Neque</span> <span class='ocrx_word' id='word_1_7' title='bbox 680 345 794 391; x_wconf 90' lang='lat' dir='ltr'>enim</span> <span class='ocrx_word' id='word_1_8' title='bbox 812 344 867 390; x_wconf 87' lang='lat' dir='ltr'>ad</span> <span class='ocrx_word' id='word_1_9' title='bbox 884 345 1178 391; x_wconf 86' lang='lat' dir='ltr'>habitandum</span> <span class='ocrx_word' id='word_1_10' title='bbox 1196 345 1355 391; x_wconf 89' lang='lat' dir='ltr'>dividit</span> <span class='ocrx_word' id='word_1_11' title='bbox 1369 361 1411 391; x_wconf 91' lang='lat' dir='ltr'>se</span> <span class='ocrx_word' id='word_1_12' title='bbox 1428 361 1506 408; x_wconf 88' lang='lat' dir='ltr'>per</span> <span class='ocrx_word' id='word_1_13' title='bbox 1525 342 1665 389; x_wconf 83' lang='lat' dir='ltr'>horni-</span> 
     </span>
     <span class='ocr_line' id='line_1_3' title="bbox 291 414 1662 479; baseline -0.002 -18"><span class='ocrx_word' id='word_1_14' title='bbox 291 432 396 461; x_wconf 88' lang='lat' dir='ltr'>num</span> <span class='ocrx_word' id='word_1_15' title='bbox 423 415 556 461; x_wconf 90' lang='lat' dir='ltr'>corda</span> <span class='ocrx_word' id='word_1_16' title='bbox 581 433 655 461; x_wconf 92' lang='lat' dir='ltr'>seu</span> <span class='ocrx_word' id='word_1_17' title='bbox 680 432 882 478; x_wconf 86' lang='lat' dir='ltr'>corpora,</span> <span class='ocrx_word' id='word_1_18' title='bbox 908 415 1034 462; x_wconf 89' lang='lat' dir='ltr'>aliam</span> <span class='ocrx_word' id='word_1_19' title='bbox 1049 416 1113 461; x_wconf 91' lang='lat' dir='ltr'>sui</span> <span class='ocrx_word' id='word_1_20' title='bbox 1133 426 1300 479; x_wconf 85' lang='lat' dir='ltr'>partem</span> <span class='ocrx_word' id='word_1_21' title='bbox 1324 415 1428 461; x_wconf 89' lang='lat' dir='ltr'>huic</span> <span class='ocrx_word' id='word_1_22' title='bbox 1451 414 1662 468; x_wconf 87' lang='lat' dir='ltr'>tribuens,</span> 
     </span>
     <span class='ocr_line' id='line_1_4' title="bbox 286 485 1667 549; baseline -0.001 -19"><span class='ocrx_word' id='word_1_23' title='bbox 286 485 352 531; x_wconf 93' lang='lat' dir='ltr'>illi</span> <span class='ocrx_word' id='word_1_24' title='bbox 371 486 517 541; x_wconf 83' lang='lat' dir='ltr'>aliam,</span> <span class='ocrx_word' id='word_1_25' title='bbox 541 487 652 531; x_wconf 89' lang='lat' dir='ltr'>sicut</span> <span class='ocrx_word' id='word_1_26' title='bbox 672 486 744 531; x_wconf 85' lang='lat' dir='ltr'>lux</span> <span class='ocrx_word' id='word_1_27' title='bbox 763 486 842 531; x_wconf 79' lang='lat' dir='ltr'>ista</span> <span class='ocrx_word' id='word_1_28' title='bbox 868 504 946 549; x_wconf 89' lang='lat' dir='ltr'>per</span> <span class='ocrx_word' id='word_1_29' title='bbox 968 486 1108 531; x_wconf 87' lang='lat' dir='ltr'>aditus</span> <span class='ocrx_word' id='word_1_30' title='bbox 1126 497 1167 531; x_wconf 88' lang='lat' dir='ltr'>et</span> <span class='ocrx_word' id='word_1_31' title='bbox 1189 503 1267 549; x_wconf 87' lang='lat' dir='ltr'>per</span> <span class='ocrx_word' id='word_1_32' title='bbox 1284 485 1486 531; x_wconf 85' lang='lat' dir='ltr'><strong>fenestras</strong></span> <span class='ocrx_word' id='word_1_33' title='bbox 1507 485 1667 530; x_wconf 91' lang='lat' dir='ltr'>domo-</span> 
     </span>
     <span class='ocr_line' id='line_1_5' title="bbox 288 554 1675 620; baseline -0.002 -18"><span class='ocrx_word' id='word_1_34' title='bbox 288 573 405 610; x_wconf 88' lang='lat' dir='ltr'>rum,</span> <span class='ocrx_word' id='word_1_35' title='bbox 423 556 495 601; x_wconf 90' lang='lat' dir='ltr'>sed</span> <span class='ocrx_word' id='word_1_36' title='bbox 512 557 658 618; x_wconf 80' lang='lat' dir='ltr'>potius</span> <span class='ocrx_word' id='word_1_37' title='bbox 679 557 712 602; x_wconf 89' lang='lat' dir='ltr'>si</span> <span class='ocrx_word' id='word_1_38' title='bbox 730 557 972 620; x_wconf 85' lang='lat' dir='ltr'>quemlibet</span> <span class='ocrx_word' id='word_1_39' title='bbox 992 574 1167 613; x_wconf 89' lang='lat' dir='ltr'>sonum,</span> <span class='ocrx_word' id='word_1_40' title='bbox 1191 574 1291 601; x_wconf 88' lang='lat' dir='ltr'>cum</span> <span class='ocrx_word' id='word_1_41' title='bbox 1313 573 1523 620; x_wconf 89' lang='lat' dir='ltr'>corporea</span> <span class='ocrx_word' id='word_1_42' title='bbox 1536 572 1601 601; x_wconf 88' lang='lat' dir='ltr'>res</span> <span class='ocrx_word' id='word_1_43' title='bbox 1620 554 1675 600; x_wconf 90' lang='lat' dir='ltr'>sit</span> 
     </span>
     <span class='ocr_line' id='line_1_6' title="bbox 287 626 1673 691; baseline -0.002 -18"><span class='ocrx_word' id='word_1_44' title='bbox 287 644 337 673; x_wconf 91' lang='lat' dir='ltr'>ac</span> <span class='ocrx_word' id='word_1_45' title='bbox 370 627 633 680; x_wconf 87' lang='lat' dir='ltr'>transitoria,</span> <span class='ocrx_word' id='word_1_46' title='bbox 673 627 829 672; x_wconf 86' lang='lat' dir='ltr'>surdus</span> <span class='ocrx_word' id='word_1_47' title='bbox 862 645 950 672; x_wconf 90' lang='lat' dir='ltr'>non</span> <span class='ocrx_word' id='word_1_48' title='bbox 975 627 1125 691; x_wconf 87' lang='lat' dir='ltr'>capit,</span> <span class='ocrx_word' id='word_1_49' title='bbox 1157 626 1372 673; x_wconf 85' lang='lat' dir='ltr'>surdaster</span> <span class='ocrx_word' id='word_1_50' title='bbox 1412 643 1500 672; x_wconf 89' lang='lat' dir='ltr'>non</span> <span class='ocrx_word' id='word_1_51' title='bbox 1531 635 1673 671; x_wconf 90' lang='lat' dir='ltr'>totum</span> 
     </span>
     <span class='ocr_line' id='line_1_7' title="bbox 288 696 1674 761; baseline -0.002 -18"><span class='ocrx_word' id='word_1_52' title='bbox 288 697 424 759; x_wconf 80' lang='lat' dir='ltr'>capit,</span> <span class='ocrx_word' id='word_1_53' title='bbox 456 707 585 759; x_wconf 87' lang='lat' dir='ltr'>atque</span> <span class='ocrx_word' id='word_1_54' title='bbox 608 696 652 741; x_wconf 89' lang='lat' dir='ltr'>in</span> <span class='ocrx_word' id='word_1_55' title='bbox 683 696 751 742; x_wconf 89' lang='lat' dir='ltr'>his</span> <span class='ocrx_word' id='word_1_56' title='bbox 786 697 863 761; x_wconf 94' lang='lat' dir='ltr'>qui</span> <span class='ocrx_word' id='word_1_57' title='bbox 890 697 1077 743; x_wconf 88' lang='lat' dir='ltr'>audiunt</span> <span class='ocrx_word' id='word_1_58' title='bbox 1108 714 1208 743; x_wconf 88' lang='lat' dir='ltr'>cum</span> <span class='ocrx_word' id='word_1_59' title='bbox 1238 697 1402 760; x_wconf 89' lang='lat' dir='ltr'>pariter</span> <span class='ocrx_word' id='word_1_60' title='bbox 1423 697 1462 742; x_wconf 90' lang='lat' dir='ltr'>ei</span> <span class='ocrx_word' id='word_1_61' title='bbox 1482 697 1674 760; x_wconf 91' lang='lat' dir='ltr'>propin-</span> 
     </span>
     <span class='ocr_line' id='line_1_8' title="bbox 284 765 1669 832; baseline -0.001 -21"><span class='ocrx_word' id='word_1_62' title='bbox 284 777 443 832; x_wconf 80' lang='lat' dir='ltr'>quant,</span> <span class='ocrx_word' id='word_1_63' title='bbox 472 777 593 811; x_wconf 79' lang='lat' dir='ltr'>tanto</span> <span class='ocrx_word' id='word_1_64' title='bbox 615 768 748 826; x_wconf 84' lang='lat' dir='ltr'>magis</span> <span class='ocrx_word' id='word_1_65' title='bbox 775 768 885 813; x_wconf 87' lang='lat' dir='ltr'>alius</span> <span class='ocrx_word' id='word_1_66' title='bbox 907 768 991 813; x_wconf 86' lang='lat' dir='ltr'>alio</span> <span class='ocrx_word' id='word_1_67' title='bbox 1018 768 1154 831; x_wconf 82' lang='lat' dir='ltr'>capit,</span> <span class='ocrx_word' id='word_1_68' title='bbox 1176 778 1340 831; x_wconf 89' lang='lat' dir='ltr'>quanto</span> <span class='ocrx_word' id='word_1_69' title='bbox 1363 778 1425 813; x_wconf 85' lang='lat' dir='ltr'>est</span> <span class='ocrx_word' id='word_1_70' title='bbox 1447 765 1669 821; x_wconf 83' lang='lat' dir='ltr'>acutioris,</span> 
     </span>
     <span class='ocr_line' id='line_1_9' title="bbox 288 837 1672 901; baseline -0.001 -20"><span class='ocrx_word' id='word_1_71' title='bbox 288 847 412 882; x_wconf 88' lang='lat' dir='ltr'>tanto</span> <span class='ocrx_word' id='word_1_72' title='bbox 437 847 580 882; x_wconf 85' lang='lat' dir='ltr'>autem</span> <span class='ocrx_word' id='word_1_73' title='bbox 610 837 771 894; x_wconf 85' lang='lat' dir='ltr'>minus,</span> <span class='ocrx_word' id='word_1_74' title='bbox 797 849 960 901; x_wconf 90' lang='lat' dir='ltr'>quanto</span> <span class='ocrx_word' id='word_1_75' title='bbox 999 848 1062 883; x_wconf 87' lang='lat' dir='ltr'>est</span> <span class='ocrx_word' id='word_1_76' title='bbox 1098 838 1332 884; x_wconf 87' lang='lat' dir='ltr'>obtusioris</span> <span class='ocrx_word' id='word_1_77' title='bbox 1353 837 1543 892; x_wconf 86' lang='lat' dir='ltr'>auditus,</span> <span class='ocrx_word' id='word_1_78' title='bbox 1571 852 1672 881; x_wconf 90' lang='lat' dir='ltr'>cum</span> 
     </span>
     <span class='ocr_line' id='line_1_10' title="bbox 289 906 1678 968; baseline -0.001 -17"><span class='ocrx_word' id='word_1_79' title='bbox 289 907 362 952; x_wconf 88' lang='lat' dir='ltr'>ille</span> <span class='ocrx_word' id='word_1_80' title='bbox 396 923 483 951; x_wconf 92' lang='lat' dir='ltr'>non</span> <span class='ocrx_word' id='word_1_81' title='bbox 508 907 624 952; x_wconf 83' lang='lat' dir='ltr'>varie</span> <span class='ocrx_word' id='word_1_82' title='bbox 661 909 794 968; x_wconf 85' lang='lat' dir='ltr'>magis</span> <span class='ocrx_word' id='word_1_83' title='bbox 828 909 1025 954; x_wconf 88' lang='lat' dir='ltr'>minusve</span> <span class='ocrx_word' id='word_1_84' title='bbox 1050 908 1238 965; x_wconf 81' lang='lat' dir='ltr'>insonet,</span> <span class='ocrx_word' id='word_1_85' title='bbox 1273 908 1345 955; x_wconf 90' lang='lat' dir='ltr'>sed</span> <span class='ocrx_word' id='word_1_86' title='bbox 1369 908 1414 954; x_wconf 88' lang='lat' dir='ltr'>in</span> <span class='ocrx_word' id='word_1_87' title='bbox 1441 924 1490 953; x_wconf 92' lang='lat' dir='ltr'>eo</span> <span class='ocrx_word' id='word_1_88' title='bbox 1516 906 1678 952; x_wconf 90' lang='lat' dir='ltr'>locoin</span> 
     </span>
     <span class='ocr_line' id='line_1_11' title="bbox 292 976 1675 1043; baseline 0 -21"><span class='ocrx_word' id='word_1_89' title='bbox 292 994 380 1041; x_wconf 89' lang='lat' dir='ltr'>quo</span> <span class='ocrx_word' id='word_1_90' title='bbox 401 990 518 1031; x_wconf 90' lang='lat' dir='ltr'>sunt,</span> <span class='ocrx_word' id='word_1_91' title='bbox 547 978 751 1024; x_wconf 88' lang='lat' dir='ltr'>omnibus</span> <span class='ocrx_word' id='word_1_92' title='bbox 791 980 1020 1042; x_wconf 81' lang='lat' dir='ltr'>aequaliter</span> <span class='ocrx_word' id='word_1_93' title='bbox 1040 990 1201 1043; x_wconf 83' lang='lat' dir='ltr'>praesto</span> <span class='ocrx_word' id='word_1_94' title='bbox 1237 980 1290 1025; x_wconf 88' lang='lat' dir='ltr'>sit</span> <span class='ocrx_word' id='word_1_95' title='bbox 1311 996 1322 1025; x_wconf 90' lang='lat'><strong>:</strong></span> <span class='ocrx_word' id='word_1_96' title='bbox 1348 989 1514 1043; x_wconf 89' lang='lat' dir='ltr'>quanto</span> <span class='ocrx_word' id='word_1_97' title='bbox 1535 976 1675 1024; x_wconf 86' lang='lat' dir='ltr'>excel-</span> 
     </span>
     <span class='ocr_line' id='line_1_12' title="bbox 286 1047 1674 1112; baseline 0 -20"><span class='ocrx_word' id='word_1_98' title='bbox 286 1047 449 1093; x_wconf 82' lang='lat' dir='ltr'>lentius</span> <span class='ocrx_word' id='word_1_99' title='bbox 481 1048 593 1092; x_wconf 87' lang='lat' dir='ltr'>Deus</span> <span class='ocrx_word' id='word_1_100' title='bbox 631 1059 786 1094; x_wconf 81' lang='lat' dir='ltr'>natura</span> <span class='ocrx_word' id='word_1_101' title='bbox 816 1051 1076 1112; x_wconf 85' lang='lat' dir='ltr'>incorporea</span> <span class='ocrx_word' id='word_1_102' title='bbox 1105 1061 1146 1095; x_wconf 87' lang='lat' dir='ltr'>et</span> <span class='ocrx_word' id='word_1_103' title='bbox 1184 1049 1521 1096; x_wconf 79' lang='lat' dir='ltr'>immutabiliter</span> <span class='ocrx_word' id='word_1_104' title='bbox 1556 1047 1674 1103; x_wconf 83' lang='lat' dir='ltr'>viva,</span> 
     </span>
     <span class='ocr_line' id='line_1_13' title="bbox 290 1117 1679 1183; baseline -0.001 -20"><span class='ocrx_word' id='word_1_105' title='bbox 290 1119 369 1181; x_wconf 90' lang='lat' dir='ltr'>qui</span> <span class='ocrx_word' id='word_1_106' title='bbox 403 1134 493 1162; x_wconf 88' lang='lat' dir='ltr'>non</span> <span class='ocrx_word' id='word_1_107' title='bbox 519 1118 630 1162; x_wconf 88' lang='lat' dir='ltr'>sicut</span> <span class='ocrx_word' id='word_1_108' title='bbox 654 1135 783 1164; x_wconf 88' lang='lat' dir='ltr'>sonus</span> <span class='ocrx_word' id='word_1_109' title='bbox 803 1136 880 1182; x_wconf 89' lang='lat' dir='ltr'>per</span> <span class='ocrx_word' id='word_1_110' title='bbox 900 1137 1040 1165; x_wconf 88' lang='lat' dir='ltr'>moras</span> <span class='ocrx_word' id='word_1_111' title='bbox 1065 1131 1313 1183; x_wconf 89' lang='lat' dir='ltr'>temporum</span> <span class='ocrx_word' id='word_1_112' title='bbox 1337 1119 1456 1165; x_wconf 88' lang='lat' dir='ltr'>tendi</span> <span class='ocrx_word' id='word_1_113' title='bbox 1477 1129 1519 1164; x_wconf 88' lang='lat' dir='ltr'>et</span> <span class='ocrx_word' id='word_1_114' title='bbox 1538 1117 1679 1163; x_wconf 82' lang='lat' dir='ltr'>dividi</span> 
     </span>
     <span class='ocr_line' id='line_1_14' title="bbox 295 1188 1680 1254; baseline -0.001 -21"><span class='ocrx_word' id='word_1_115' title='bbox 295 1198 454 1251; x_wconf 80' lang='lat' dir='ltr'>potest.</span> <span class='ocrx_word' id='word_1_116' title='bbox 487 1204 567 1232; x_wconf 85' lang='lat' dir='ltr'>nec</span> <span class='ocrx_word' id='word_1_117' title='bbox 590 1189 730 1250; x_wconf 84' lang='lat' dir='ltr'>spatio</span> <span class='ocrx_word' id='word_1_118' title='bbox 769 1190 888 1234; x_wconf 76' lang='lat' dir='ltr'>a&#39;erio</span> <span class='ocrx_word' id='word_1_119' title='bbox 912 1200 1120 1254; x_wconf 82' lang='lat' dir='ltr'>tanquam</span> <span class='ocrx_word' id='word_1_120' title='bbox 1154 1190 1253 1236; x_wconf 90' lang='lat' dir='ltr'>loco</span> <span class='ocrx_word' id='word_1_121' title='bbox 1277 1207 1354 1236; x_wconf 88' lang='lat' dir='ltr'>suo</span> <span class='ocrx_word' id='word_1_122' title='bbox 1388 1189 1571 1249; x_wconf 83' lang='lat' dir='ltr'>indiget,</span> <span class='ocrx_word' id='word_1_123' title='bbox 1600 1188 1680 1233; x_wconf 86' lang='lat' dir='ltr'>ubi</span> 
     </span>
     <span class='ocr_line' id='line_1_15' title="bbox 290 1258 1680 1323; baseline 0.001 -20"><span class='ocrx_word' id='word_1_124' title='bbox 290 1258 580 1323; x_wconf 69' lang='lat' dir='ltr'>praesentibus</span> <span class='ocrx_word' id='word_1_125' title='bbox 616 1270 776 1321; x_wconf 79' lang='lat' dir='ltr'>praesto</span> <span class='ocrx_word' id='word_1_126' title='bbox 811 1261 864 1305; x_wconf 87' lang='lat' dir='ltr'>sit</span> <span class='ocrx_word' id='word_1_127' title='bbox 889 1260 963 1307; x_wconf 92' lang='lat' dir='ltr'>sed</span> <span class='ocrx_word' id='word_1_128' title='bbox 987 1272 1147 1306; x_wconf 82' lang='lat' dir='ltr'>aeterna</span> <span class='ocrx_word' id='word_1_129' title='bbox 1180 1260 1419 1306; x_wconf 84' lang='lat' dir='ltr'>stabilitate</span> <span class='ocrx_word' id='word_1_130' title='bbox 1443 1261 1488 1306; x_wconf 92' lang='lat' dir='ltr'>in</span> <span class='ocrx_word' id='word_1_131' title='bbox 1511 1276 1553 1305; x_wconf 89' lang='lat' dir='ltr'>se</span> <span class='ocrx_word' id='word_1_132' title='bbox 1584 1259 1680 1322; x_wconf 90' lang='lat' dir='ltr'>ipso</span> 
     </span>
     <span class='ocr_line' id='line_1_16' title="bbox 293 1328 1682 1394; baseline 0 -21"><span class='ocrx_word' id='word_1_133' title='bbox 293 1346 484 1382; x_wconf 88' lang='lat' dir='ltr'>manens,</span> <span class='ocrx_word' id='word_1_134' title='bbox 520 1339 635 1374; x_wconf 81' lang='lat' dir='ltr'>totus</span> <span class='ocrx_word' id='word_1_135' title='bbox 657 1331 802 1376; x_wconf 84' lang='lat' dir='ltr'>adesse</span> <span class='ocrx_word' id='word_1_136' title='bbox 820 1332 951 1377; x_wconf 88' lang='lat' dir='ltr'>rebus</span> <span class='ocrx_word' id='word_1_137' title='bbox 981 1332 1190 1377; x_wconf 79' lang='lat' dir='ltr'>omnibus</span> <span class='ocrx_word' id='word_1_138' title='bbox 1232 1341 1400 1394; x_wconf 86' lang='lat' dir='ltr'>potest,</span> <span class='ocrx_word' id='word_1_139' title='bbox 1430 1341 1473 1376; x_wconf 89' lang='lat' dir='ltr'>et</span> <span class='ocrx_word' id='word_1_140' title='bbox 1502 1328 1682 1389; x_wconf 89' lang='lat' dir='ltr'>singulis</span> 
     </span>
     <span class='ocr_line' id='line_1_17' title="bbox 297 1399 1682 1464; baseline 0 -20"><span class='ocrx_word' id='word_1_141' title='bbox 297 1402 440 1445; x_wconf 70' lang='lat' dir='ltr'>totus?</span> <span class='ocrx_word' id='word_1_142' title='bbox 472 1399 672 1462; x_wconf 79' lang='lat' dir='ltr'>quamvis</span> <span class='ocrx_word' id='word_1_143' title='bbox 695 1401 739 1446; x_wconf 91' lang='lat' dir='ltr'>in</span> <span class='ocrx_word' id='word_1_144' title='bbox 760 1402 922 1464; x_wconf 90' lang='lat' dir='ltr'>quibus</span> <span class='ocrx_word' id='word_1_145' title='bbox 942 1402 1134 1457; x_wconf 86' lang='lat' dir='ltr'>habitat,</span> <span class='ocrx_word' id='word_1_146' title='bbox 1153 1402 1348 1447; x_wconf 78' lang='lat' dir='ltr'>habeant</span> <span class='ocrx_word' id='word_1_147' title='bbox 1372 1417 1470 1446; x_wconf 89' lang='lat' dir='ltr'>eum</span> <span class='ocrx_word' id='word_1_148' title='bbox 1494 1416 1575 1463; x_wconf 90' lang='lat' dir='ltr'>pro</span> <span class='ocrx_word' id='word_1_149' title='bbox 1593 1415 1682 1444; x_wconf 86' lang='lat' dir='ltr'>suae</span> 
     </span>
     <span class='ocr_line' id='line_1_18' title="bbox 295 1470 1684 1536; baseline -0.002 -19"><span class='ocrx_word' id='word_1_150' title='bbox 295 1470 550 1533; x_wconf 83' lang='lat' dir='ltr'>capacitatis</span> <span class='ocrx_word' id='word_1_151' title='bbox 570 1470 835 1527; x_wconf 88' lang='lat' dir='ltr'>diversitate,</span> <span class='ocrx_word' id='word_1_152' title='bbox 864 1472 935 1517; x_wconf 89' lang='lat' dir='ltr'>alii</span> <span class='ocrx_word' id='word_1_153' title='bbox 961 1473 1166 1536; x_wconf 89' lang='lat' dir='ltr'>amplius,</span> <span class='ocrx_word' id='word_1_154' title='bbox 1196 1472 1266 1517; x_wconf 89' lang='lat' dir='ltr'>alii</span> <span class='ocrx_word' id='word_1_155' title='bbox 1288 1472 1431 1517; x_wconf 85' lang='lat' dir='ltr'>minus</span> <span class='ocrx_word' id='word_1_156' title='bbox 1450 1487 1560 1535; x_wconf 90' lang='lat' dir='ltr'>quos</span> <span class='ocrx_word' id='word_1_157' title='bbox 1592 1470 1684 1532; x_wconf 89' lang='lat' dir='ltr'>ipse</span> 
     </span>
     <span class='ocr_line' id='line_1_19' title="bbox 296 1539 1682 1606; baseline 0 -21"><span class='ocrx_word' id='word_1_158' title='bbox 296 1541 380 1586; x_wconf 89' lang='lat' dir='ltr'>sibi</span> <span class='ocrx_word' id='word_1_159' title='bbox 414 1540 742 1586; x_wconf 81' lang='lat' dir='ltr'>dilectissimum</span> <span class='ocrx_word' id='word_1_160' title='bbox 779 1543 994 1606; x_wconf 90' lang='lat' dir='ltr'>templum</span> <span class='ocrx_word' id='word_1_161' title='bbox 1037 1544 1173 1603; x_wconf 84' lang='lat' dir='ltr'>gratia</span> <span class='ocrx_word' id='word_1_162' title='bbox 1212 1559 1300 1588; x_wconf 86' lang='lat' dir='ltr'>suae</span> <span class='ocrx_word' id='word_1_163' title='bbox 1335 1541 1546 1587; x_wconf 87' lang='lat' dir='ltr'>bonitatis</span> <span class='ocrx_word' id='word_1_164' title='bbox 1571 1539 1682 1585; x_wconf 82' lang='lat' dir='ltr'>aedi-</span> 
     </span>
     <span class='ocr_line' id='line_1_20' title="bbox 302 1613 419 1657; baseline 0 0"><span class='ocrx_word' id='word_1_165' title='bbox 302 1613 419 1657; x_wconf 87' lang='lat' dir='ltr'>ficat.</span> 
     </span>
    </p>

    <p class='ocr_par' dir='ltr' id='par_1_3' title="bbox 301 1680 1698 2520">
     <span class='ocr_line' id='line_1_21' title="bbox 364 1680 1686 1746; baseline -0.001 -20"><span class='ocrx_word' id='word_1_166' title='bbox 364 1681 460 1727; x_wconf 75' lang='lat' dir='ltr'>XX.</span> <span class='ocrx_word' id='word_1_167' title='bbox 475 1681 527 1726; x_wconf 89' lang='lat' dir='ltr'>Et</span> <span class='ocrx_word' id='word_1_168' title='bbox 541 1680 830 1727; x_wconf 82' lang='lat' dir='ltr'>donationum</span> <span class='ocrx_word' id='word_1_169' title='bbox 849 1682 1029 1746; x_wconf 91' lang='lat' dir='ltr'>quidem</span> <span class='ocrx_word' id='word_1_170' title='bbox 1045 1683 1176 1729; x_wconf 84' lang='lat' dir='ltr'>dictae</span> <span class='ocrx_word' id='word_1_171' title='bbox 1201 1693 1303 1728; x_wconf 90' lang='lat' dir='ltr'>sunt</span> <span class='ocrx_word' id='word_1_172' title='bbox 1326 1681 1559 1727; x_wconf 86' lang='lat' dir='ltr'>divisiones</span> <span class='ocrx_word' id='word_1_173' title='bbox 1584 1691 1686 1725; x_wconf 85' lang='lat' dir='ltr'>tan—</span> 
     </span>
     <span class='ocr_line' id='line_1_22' title="bbox 301 1751 1687 1817; baseline -0.001 -20"><span class='ocrx_word' id='word_1_174' title='bbox 301 1769 434 1815; x_wconf 84' lang='lat' dir='ltr'>quam</span> <span class='ocrx_word' id='word_1_175' title='bbox 453 1770 531 1815; x_wconf 89' lang='lat' dir='ltr'>per</span> <span class='ocrx_word' id='word_1_176' title='bbox 548 1763 692 1815; x_wconf 83' lang='lat' dir='ltr'>partes</span> <span class='ocrx_word' id='word_1_177' title='bbox 712 1763 753 1797; x_wconf 86' lang='lat' dir='ltr'>et</span> <span class='ocrx_word' id='word_1_178' title='bbox 785 1755 980 1800; x_wconf 86' lang='lat' dir='ltr'>membra</span> <span class='ocrx_word' id='word_1_179' title='bbox 1000 1756 1127 1800; x_wconf 91' lang='lat' dir='ltr'>unius</span> <span class='ocrx_word' id='word_1_180' title='bbox 1153 1753 1368 1817; x_wconf 89' lang='lat' dir='ltr'>corporis,</span> <span class='ocrx_word' id='word_1_181' title='bbox 1401 1753 1479 1798; x_wconf 90' lang='lat' dir='ltr'>ubi</span> <span class='ocrx_word' id='word_1_182' title='bbox 1499 1763 1540 1797; x_wconf 88' lang='lat' dir='ltr'>et</span> <span class='ocrx_word' id='word_1_183' title='bbox 1557 1751 1687 1797; x_wconf 87' lang='lat' dir='ltr'>simul</span> 
     </span>
     <span class='ocr_line' id='line_1_23' title="bbox 303 1823 1684 1886; baseline -0.001 -19"><span class='ocrx_word' id='word_1_184' title='bbox 303 1840 450 1868; x_wconf 89' lang='lat' dir='ltr'>omnes</span> <span class='ocrx_word' id='word_1_185' title='bbox 475 1839 607 1868; x_wconf 87' lang='lat' dir='ltr'>unum</span> <span class='ocrx_word' id='word_1_186' title='bbox 634 1823 864 1886; x_wconf 78' lang='lat' dir='ltr'>templum.</span> <span class='ocrx_word' id='word_1_187' title='bbox 884 1836 925 1869; x_wconf 90' lang='lat' dir='ltr'>et</span> <span class='ocrx_word' id='word_1_188' title='bbox 951 1825 1109 1884; x_wconf 83' lang='lat' dir='ltr'>singuli</span> <span class='ocrx_word' id='word_1_189' title='bbox 1127 1824 1296 1884; x_wconf 85' lang='lat' dir='ltr'>singula</span> <span class='ocrx_word' id='word_1_190' title='bbox 1321 1823 1483 1886; x_wconf 85' lang='lat' dir='ltr'>templa</span> <span class='ocrx_word' id='word_1_191' title='bbox 1511 1839 1684 1867; x_wconf 88' lang='lat' dir='ltr'>sumus:</span> 
     </span>
     <span class='ocr_line' id='line_1_24' title="bbox 304 1893 1690 1959; baseline -0.001 -21"><span class='ocrx_word' id='word_1_192' title='bbox 304 1893 408 1955; x_wconf 73' lang='lat' dir='ltr'>quia</span> <span class='ocrx_word' id='word_1_193' title='bbox 432 1910 518 1938; x_wconf 91' lang='lat' dir='ltr'>non</span> <span class='ocrx_word' id='word_1_194' title='bbox 543 1904 604 1938; x_wconf 90' lang='lat' dir='ltr'>est</span> <span class='ocrx_word' id='word_1_195' title='bbox 627 1895 740 1939; x_wconf 90' lang='lat' dir='ltr'>Deus</span> <span class='ocrx_word' id='word_1_196' title='bbox 760 1894 803 1939; x_wconf 92' lang='lat' dir='ltr'>in</span> <span class='ocrx_word' id='word_1_197' title='bbox 819 1895 1164 1959; x_wconf 89' lang='lat' dir='ltr'>omnibusquam</span> <span class='ocrx_word' id='word_1_198' title='bbox 1194 1896 1238 1940; x_wconf 90' lang='lat' dir='ltr'>in</span> <span class='ocrx_word' id='word_1_199' title='bbox 1255 1893 1432 1954; x_wconf 85' lang='lat' dir='ltr'>singulis</span> <span class='ocrx_word' id='word_1_200' title='bbox 1458 1897 1609 1954; x_wconf 81' lang='lat' dir='ltr'>major.</span> <span class='ocrx_word' id='word_1_201' title='bbox 1634 1893 1690 1938; x_wconf 91' lang='lat' dir='ltr'>Et</span> 
     </span>
     <span class='ocr_line' id='line_1_25' title="bbox 306 1963 1688 2027; baseline 0 -20"><span class='ocrx_word' id='word_1_202' title='bbox 306 1964 355 2007; x_wconf 82' lang='lat' dir='ltr'>sit</span> <span class='ocrx_word' id='word_1_203' title='bbox 378 1963 637 2026; x_wconf 89' lang='lat' dir='ltr'>plerumque</span> <span class='ocrx_word' id='word_1_204' title='bbox 665 1975 711 2009; x_wconf 89' lang='lat' dir='ltr'>ut</span> <span class='ocrx_word' id='word_1_205' title='bbox 743 1964 887 2027; x_wconf 85' lang='lat' dir='ltr'>plures</span> <span class='ocrx_word' id='word_1_206' title='bbox 914 1983 1012 2011; x_wconf 88' lang='lat' dir='ltr'>eum</span> <span class='ocrx_word' id='word_1_207' title='bbox 1050 1966 1194 2011; x_wconf 90' lang='lat' dir='ltr'>minus</span> <span class='ocrx_word' id='word_1_208' title='bbox 1219 1965 1414 2027; x_wconf 82' lang='lat' dir='ltr'>capiant,</span> <span class='ocrx_word' id='word_1_209' title='bbox 1454 1980 1565 2009; x_wconf 87' lang='lat' dir='ltr'>unus</span> <span class='ocrx_word' id='word_1_210' title='bbox 1593 1980 1688 2007; x_wconf 89' lang='lat' dir='ltr'>am-</span> 
     </span>
     <span class='ocr_line' id='line_1_26' title="bbox 306 2033 1688 2098; baseline 0 -21"><span class='ocrx_word' id='word_1_211' title='bbox 306 2033 435 2096; x_wconf 80' lang='lat' dir='ltr'>plius,</span> <span class='ocrx_word' id='word_1_212' title='bbox 462 2033 547 2079; x_wconf 88' lang='lat' dir='ltr'>Sed</span> <span class='ocrx_word' id='word_1_213' title='bbox 579 2051 678 2079; x_wconf 86' lang='lat' dir='ltr'>cum</span> <span class='ocrx_word' id='word_1_214' title='bbox 717 2034 886 2079; x_wconf 76' lang='lat' dir='ltr'>dixisset</span> <span class='ocrx_word' id='word_1_215' title='bbox 927 2035 1162 2098; x_wconf 90' lang='lat' dir='ltr'>Apostolus</span> <span class='ocrx_word' id='word_1_216' title='bbox 1191 2053 1201 2079; x_wconf 74' lang='grc' dir='ltr'>ε</span> <span class='ocrx_word' id='word_1_217' title='bbox 1229 2056 1249 2074; x_wconf 87' lang='lat'>«</span> <span class='ocrx_word' id='word_1_218' title='bbox 1283 2033 1522 2078; x_wconf 88' lang='lat' dir='ltr'>Divisiones</span> <span class='ocrx_word' id='word_1_219' title='bbox 1543 2042 1688 2077; x_wconf 89' lang='lat' dir='ltr'>autem</span> 
     </span>
     <span class='ocr_line' id='line_1_27' title="bbox 307 2102 1691 2164; baseline 0.001 -19"><span class='ocrx_word' id='word_1_220' title='bbox 307 2125 327 2145; x_wconf 84' lang='lat'>»</span> <span class='ocrx_word' id='word_1_221' title='bbox 349 2103 636 2148; x_wconf 86' lang='lat' dir='ltr'>donationum</span> <span class='ocrx_word' id='word_1_222' title='bbox 659 2103 787 2148; x_wconf 82' lang='lat' dir='ltr'>sunt1</span> <span class='ocrx_word' id='word_1_223' title='bbox 806 2124 817 2157; x_wconf 92' lang='lat'>;</span> <span class='ocrx_word' id='word_1_224' title='bbox 839 2126 858 2145; x_wconf 85' lang='lat'>»</span> <span class='ocrx_word' id='word_1_225' title='bbox 874 2106 1085 2150; x_wconf 87' lang='lat' dir='ltr'>continuo</span> <span class='ocrx_word' id='word_1_226' title='bbox 1117 2104 1333 2164; x_wconf 86' lang='lat' dir='ltr'>subjecit:</span> <span class='ocrx_word' id='word_1_227' title='bbox 1361 2124 1380 2145; x_wconf 86' lang='lat'>«</span> <span class='ocrx_word' id='word_1_228' title='bbox 1401 2102 1520 2147; x_wconf 84' lang='lat' dir='ltr'>Idem</span> <span class='ocrx_word' id='word_1_229' title='bbox 1547 2113 1691 2147; x_wconf 88' lang='lat' dir='ltr'>autem</span> 
     </span>
     <span class='ocr_line' id='line_1_28' title="bbox 311 2174 1694 2239; baseline -0.001 -20"><span class='ocrx_word' id='word_1_230' title='bbox 311 2195 332 2214; x_wconf 86' lang='lat'>»</span> <span class='ocrx_word' id='word_1_231' title='bbox 354 2175 611 2237; x_wconf 82' lang='lat' dir='ltr'>Spiritus.»</span> <span class='ocrx_word' id='word_1_232' title='bbox 634 2175 742 2220; x_wconf 91' lang='lat' dir='ltr'>Item</span> <span class='ocrx_word' id='word_1_233' title='bbox 765 2192 864 2221; x_wconf 88' lang='lat' dir='ltr'>cum</span> <span class='ocrx_word' id='word_1_234' title='bbox 884 2177 999 2239; x_wconf 86' lang='lat' dir='ltr'>ipsas</span> <span class='ocrx_word' id='word_1_235' title='bbox 1017 2177 1302 2222; x_wconf 88' lang='lat' dir='ltr'>donationum</span> <span class='ocrx_word' id='word_1_236' title='bbox 1321 2174 1553 2220; x_wconf 78' lang='lat' dir='ltr'>divisiones</span> <span class='ocrx_word' id='word_1_237' title='bbox 1575 2191 1694 2219; x_wconf 92' lang='lat' dir='ltr'>com-</span> 
     </span>
     <span class='ocr_line' id='line_1_29' title="bbox 308 2246 1694 2323; baseline 0.001 -34"><span class='ocrx_word' id='word_1_238' title='bbox 308 2256 609 2298; x_wconf 86' lang='lat' dir='ltr'>memorasset,</span> <span class='ocrx_word' id='word_1_239' title='bbox 637 2246 836 2292; x_wconf 87' lang='lat' dir='ltr'>«Omnia</span> <span class='ocrx_word' id='word_1_240' title='bbox 853 2257 995 2292; x_wconf 82' lang='lat' dir='ltr'>autem</span> <span class='ocrx_word' id='word_1_241' title='bbox 1025 2247 1139 2301; x_wconf 86' lang='lat' dir='ltr'>haec,</span> <span class='ocrx_word' id='word_1_242' title='bbox 1168 2246 1330 2323; x_wconf 79' lang='lat' dir='ltr'>inquit,</span> <span class='ocrx_word' id='word_1_243' title='bbox 1355 2255 1561 2308; x_wconf 86' lang='lat' dir='ltr'>operatur</span> <span class='ocrx_word' id='word_1_244' title='bbox 1581 2261 1694 2290; x_wconf 88' lang='lat' dir='ltr'>unus</span> 
     </span>
     <span class='ocr_line' id='line_1_30' title="bbox 317 2315 1698 2393; baseline 0.001 -35"><span class='ocrx_word' id='word_1_245' title='bbox 317 2338 337 2357; x_wconf 83' lang='lat'>»</span> <span class='ocrx_word' id='word_1_246' title='bbox 363 2326 491 2379; x_wconf 78' lang='lat' dir='ltr'>atque</span> <span class='ocrx_word' id='word_1_247' title='bbox 515 2315 629 2361; x_wconf 88' lang='lat' dir='ltr'>idem</span> <span class='ocrx_word' id='word_1_248' title='bbox 647 2317 856 2380; x_wconf 86' lang='lat' dir='ltr'>Spiritus,</span> <span class='ocrx_word' id='word_1_249' title='bbox 877 2318 1074 2364; x_wconf 80' lang='lat' dir='ltr'>dividens</span> <span class='ocrx_word' id='word_1_250' title='bbox 1094 2317 1273 2381; x_wconf 84' lang='lat' dir='ltr'>propria</span> <span class='ocrx_word' id='word_1_251' title='bbox 1308 2316 1544 2393; x_wconf 82' lang='lat' dir='ltr'>unicuique</span> <span class='ocrx_word' id='word_1_252' title='bbox 1563 2325 1698 2378; x_wconf 89' lang='lat' dir='ltr'>prout</span> 
     </span>
     <span class='ocr_line' id='line_1_31' title="bbox 313 2386 1696 2452; baseline -0.001 -21"><span class='ocrx_word' id='word_1_253' title='bbox 313 2408 333 2428; x_wconf 76' lang='lat'>&gt;2</span> <span class='ocrx_word' id='word_1_254' title='bbox 358 2386 490 2433; x_wconf 78' lang='lat' dir='ltr'>vult2.</span> <span class='ocrx_word' id='word_1_255' title='bbox 520 2409 537 2428; x_wconf 69' lang='grc' dir='ltr'><strong>υ</strong></span> <span class='ocrx_word' id='word_1_256' title='bbox 557 2387 763 2433; x_wconf 81' lang='lat' dir='ltr'>Dividens</span> <span class='ocrx_word' id='word_1_257' title='bbox 786 2406 902 2448; x_wconf 84' lang='lat' dir='ltr'>ergo,</span> <span class='ocrx_word' id='word_1_258' title='bbox 924 2406 1012 2434; x_wconf 90' lang='lat' dir='ltr'>non</span> <span class='ocrx_word' id='word_1_259' title='bbox 1031 2389 1123 2452; x_wconf 76' lang='lat' dir='ltr'>ipse</span> <span class='ocrx_word' id='word_1_260' title='bbox 1146 2387 1327 2442; x_wconf 86' lang='lat' dir='ltr'>divisus,</span> <span class='ocrx_word' id='word_1_261' title='bbox 1353 2386 1457 2449; x_wconf 85' lang='lat' dir='ltr'>quia</span> <span class='ocrx_word' id='word_1_262' title='bbox 1477 2386 1570 2448; x_wconf 90' lang='lat' dir='ltr'>ipse</span> <span class='ocrx_word' id='word_1_263' title='bbox 1584 2401 1696 2431; x_wconf 88' lang='lat' dir='ltr'>unus</span> 
     </span>
     <span class='ocr_line' id='line_1_32' title="bbox 317 2455 1696 2520; baseline -0.003 -17"><span class='ocrx_word' id='word_1_264' title='bbox 317 2467 448 2520; x_wconf 85' lang='lat' dir='ltr'>atque</span> <span class='ocrx_word' id='word_1_265' title='bbox 466 2455 596 2503; x_wconf 85' lang='lat' dir='ltr'>idem.</span> <span class='ocrx_word' id='word_1_266' title='bbox 632 2456 709 2502; x_wconf 93' lang='lat' dir='ltr'>Ille</span> <span class='ocrx_word' id='word_1_267' title='bbox 734 2475 834 2504; x_wconf 84' lang='lat' dir='ltr'>vero</span> <span class='ocrx_word' id='word_1_268' title='bbox 865 2459 1094 2505; x_wconf 89' lang='lat' dir='ltr'>divisiones</span> <span class='ocrx_word' id='word_1_269' title='bbox 1115 2458 1247 2504; x_wconf 87' lang='lat' dir='ltr'>dictae</span> <span class='ocrx_word' id='word_1_270' title='bbox 1279 2467 1397 2511; x_wconf 89' lang='lat' dir='ltr'>sunt,</span> <span class='ocrx_word' id='word_1_271' title='bbox 1425 2456 1536 2500; x_wconf 90' lang='lat' dir='ltr'>sicut</span> <span class='ocrx_word' id='word_1_272' title='bbox 1554 2472 1696 2500; x_wconf 90' lang='lat' dir='ltr'>mem—</span> 
     </span>
    </p>
   </div>
   <div class='ocr_carea' id='block_1_3' title="bbox 313 2525 1695 2646">
    <p class='ocr_par' dir='ltr' id='par_1_4' title="bbox 313 2525 1695 2646">
     <span class='ocr_line' id='line_1_33' title="bbox 313 2525 1695 2592; baseline -0.003 -18"><span class='ocrx_word' id='word_1_273' title='bbox 313 2529 495 2574; x_wconf 85' lang='lat' dir='ltr'>brorum</span> <span class='ocrx_word' id='word_1_274' title='bbox 516 2528 560 2572; x_wconf 89' lang='lat' dir='ltr'>in</span> <span class='ocrx_word' id='word_1_275' title='bbox 577 2544 761 2590; x_wconf 87' lang='lat' dir='ltr'>corpore</span> <span class='ocrx_word' id='word_1_276' title='bbox 779 2530 881 2592; x_wconf 82' lang='lat' dir='ltr'>quia</span> <span class='ocrx_word' id='word_1_277' title='bbox 897 2547 984 2576; x_wconf 90' lang='lat' dir='ltr'>non</span> <span class='ocrx_word' id='word_1_278' title='bbox 1003 2529 1118 2576; x_wconf 89' lang='lat' dir='ltr'>idem</span> <span class='ocrx_word' id='word_1_279' title='bbox 1137 2529 1282 2576; x_wconf 87' lang='lat' dir='ltr'>valent</span> <span class='ocrx_word' id='word_1_280' title='bbox 1303 2544 1425 2574; x_wconf 89' lang='lat' dir='ltr'>aures</span> <span class='ocrx_word' id='word_1_281' title='bbox 1445 2525 1565 2589; x_wconf 91' lang='lat' dir='ltr'>quod</span> <span class='ocrx_word' id='word_1_282' title='bbox 1580 2525 1695 2571; x_wconf 91' lang='lat' dir='ltr'>oculi</span> 
     </span>
     <span class='ocr_line' id='line_1_34' title="bbox 366 2609 901 2646; baseline 0.004 -5"><span class='ocrx_word' id='word_1_283' title='bbox 366 2613 375 2632; x_wconf 91' lang='lat'><strong>¹</strong></span> <span class='ocrx_word' id='word_1_284' title='bbox 401 2624 410 2641; x_wconf 91' lang='lat'>1</span> <span class='ocrx_word' id='word_1_285' title='bbox 436 2613 509 2641; x_wconf 71' lang='lat' dir='ltr'>Cor.</span> <span class='ocrx_word' id='word_1_286' title='bbox 525 2621 584 2646; x_wconf 53' lang='grc' dir='ltr'>λιι,</span> <span class='ocrx_word' id='word_1_287' title='bbox 602 2617 632 2646; x_wconf 71' lang='grc'>4,</span> <span class='ocrx_word' id='word_1_288' title='bbox 647 2628 691 2633; x_wconf 91' lang='lat'>-——</span> <span class='ocrx_word' id='word_1_289' title='bbox 707 2609 823 2644; x_wconf 80' lang='lat' dir='ltr'>²1bid.</span> <span class='ocrx_word' id='word_1_290' title='bbox 850 2625 901 2645; x_wconf 84' lang='lat'>1¹.</span> 
     </span>
    </p>
   </div>
  </div>
 </body>
</html>
