1799 3251
598 306 947 340 ΔΝΝοΤΛΤιοΝΕε.
1359 296 1453 356 545

91 377 275 424 maxime
298 375 344 422 in
371 375 450 422 lib.
481 374 534 421 de
561 375 698 421 Gestis
722 375 886 436 Pelagii
906 393 944 422 c.
985 393 1051 424 ιι.
1079 376 1156 422 ubi
1179 378 1331 424 scribit
1358 380 1459 426 haec

92 450 140 496 in
157 453 248 510 ejus
265 449 461 495 doctrina
479 449 655 495 inventa
674 448 801 495 fuisse
832 466 868 496 1.
899 449 1059 495 Adam
1082 450 1329 496 mortalem
1347 451 1462 510 fac-

97 535 197 569 tum
216 559 226 581 ‚
248 527 334 586 qui
350 527 443 569 sive
457 533 700 586 peccaret,
723 526 818 567 sive
841 539 937 567 non
949 534 1196 585 peccaret,
1213 527 1467 570 moriturus

98 607 233 642 esset.
264 612 308 642 2.
346 597 494 655 Quod
505 606 761 658 peccatum
784 596 908 642 Adoe
931 597 1082 659 ipsum
1100 596 1253 642 solum
1279 597 1468 655 laeserit,

98 680 144 714 et
169 685 266 714 non
295 686 445 731 genus
481 669 762 714 humanum.
806 685 849 714 2.
884 669 1027 728 Quod
1045 670 1124 714 lex
1150 673 1216 715 sic·
1241 674 1382 716 mittit
1404 671 1473 716 ad

101 758 295 804 regnum
318 741 726 805 quemadmodum
759 745 805 786 E
810 742 1090 803 vangelium.
1118 744 1162 800 4.
1205 743 1347 802 Quod
1366 755 1478 790 ante

101 814 358 860 adventum
382 814 559 860 Christi
586 815 788 870 fuerunt
812 814 1029 860 homiues
1062 819 1163 860 sine
1174 827 1393 878 peccato.
1436 818 1480 862 5.

108 885 252 945 Quod
274 887 477 946 z'tffulztes
499 903 651 950 nuper
672 889 777 932 nati
811 888 860 932 in
885 886 964 932 illo
997 897 1124 933 statu
1149 897 1276 944 sunt,
1311 890 1359 933 ιή
1389 906 1481 952 quo

102 960 268 1004 Adam
271 960 375 1018 fuit
392 971 503 1004 ante
514 962 982 1022 prcevurieutionem.
1004 961 1048 1007 6.
1082 961 1231 1020 Quod
1236 978 1387 1025 neque
1391 978 1486 1023 per

102 1041 299 1077 mortem
317 1031 401 1076 vel
409 1034 856 1093 prcevarc'cationem
874 1033 996 1078 Adoe
1017 1049 1307 1096 omnegenus
1326 1034 1484 1080 leomi-

106 1121 223 1150 num
236 1108 484 1161 moriatur,
497 1122 652 1168 neque
655 1122 748 1168 per
764 1110 1143 1151 resurrectionem
1165 1106 1339 1152 Clu-istc·
1349 1123 1488 1152 omne

108 1194 260 1241 genus
295 1178 544 1223 hominum
576 1189 798 1240 resurgat.
828 1180 942 1237 Quae
977 1179 1120 1224 onmia
1145 1178 1202 1224 ab
1236 1179 1411 1226 Aurelio
1447 1190 1491 1226 et

113 1249 443 1297 considentibus
466 1250 684 1313 episcopis
706 1250 910 1297 damnata
931 1250 1062 1308 dicit,
1088 1250 1324 1314 eademque
1339 1253 1491 1309 Gesta,

109 1339 210 1387 quae
225 1339 267 1368 se
283 1322 460 1369 absente
480 1323 676 1369 confecta
696 1323 889 1380 fuerant,
915 1342 936 1370 a
961 1341 1002 1370 se
1021 1334 1170 1388 postea
1186 1340 1287 1372 cum
1302 1325 1493 1372 Cartha-

111 1395 256 1455 ginem
285 1395 464 1443 venisset
486 1395 614 1442 fuisse
640 1397 861 1444 recensita.

452 1554 711 1587 ANNoTA'rio
750 1539 853 1602 (20)
891 1556 992 1603 pag.
1035 1541 1144 1604 3¹9·

177 1673 463 1722 Marcellinus
502 1675 578 1721 hic
609 1675 683 1721 ille
718 1687 779 1722 est
812 1676 1062 1734 TribunuS,
1091 1694 1228 1726 caesus
1250 1681 1307 1727 ab
1341 1680 1491 1728 haere-

114 1749 212 1796 ticis
250 1747 333 1794 sub
372 1747 538 1795 invidia
580 1749 824 1811 tyrannidis
856 1750 1158 1810 Heraclianae,
1204 1753 1269 1800 uti
1301 1771 1348 1801 ex
1388 1755 1491 1802 Hie-

113 1838 301 1885 ronymo
330 1821 654 1868 observavimus
679 1839 811 1886 supra
850 1822 906 1870 ad
946 1823 1086 1888 Epist.
1133 1826 1235 1874 151.
1266 1827 1351 1874 Cui
1383 1829 1491 1876 Mar-

116 1895 271 1943 cellino
294 1905 440 1941 tamen
466 1895 502 1941 si
527 1895 642 1942 datae
680 1895 855 1942 fuerunt
890 1897 984 1944 istae
1015 1897 1174 1945 litterae
1200 1899 1322 1946 haud
1353 1901 1492 1948 multo

114 1979 215 2033 post
242 1984 406 2014 annum
436 1970 544 2025 401.
587 1986 674 2015 non
703 1980 847 2016 tamen
872 1988 941 2017 eas
965 1969 1034 2017 edi
1069 1971 1266 2035 oportuit
1300 1989 1491 2020 seorsum

117 2041 175 2088 ab
194 2040 392 2104 Epistola
418 2041 612 2105 proxime
632 2042 856 2105 sequenti,
880 2043 1046 2108 quippe
1069 2047 1194 2104 cujus
1220 2043 1492 2092 illustrandas

117 2129 250 2160 causa
272 2113 419 2161 locum
451 2114 644 2162 habuere
678 2113 889 2163 hactenus
920 2116 1033 2163 inter
1060 2116 1253 2180 Epistola
1281 2118 1491 2180 Augusti-

119 2203 282 2236 manas.

464 2322 722 2353 ANNOTAno
760 2307 861 2370 (21)
895 2324 994 2371 pag.
1035 2308 1144 2355 360.

188 2457 355 2517 Ipsum
376 2456 625 2518 proeczpue
659 2455 880 2515 Pelagium
912 2455 1187 2518 cogitabant
1209 2456 1421 2503 Timasius
1455 2468 1497 2504 et

126 2524 151 2569 J
157 2526 333 2584 ambus,
348 2544 455 2573 cum
473 2527 696 2585 dicerent,
719 2530 810 2574 lzoc
834 2548 882 2575 se
901 2531 1052 2591 affici,
1073 2531 1207 2593 quod
1220 2531 1354 2575 tarde
1367 2530 1496 2576 illum

127 2597 299 2646 librum
325 2603 640 2664 scripserint...
680 2606 858 2647 Nomen
894 2606 1068 2665 quippe
1091 2603 1172 2648 vel
1186 2606 1381 2648 nomina
1408 2605 1501 2667 ipsi

289 2689 451 2721 cxtvn.
1310 2674 1371 2722 35
