1799 3251
544 307 754 337 ErisroLA
791 309 982 339 ccxxxu.
1354 299 1446 354 4:53

79 369 343 434 perficienda
368 370 588 424 mandata,
616 370 703 416 sola
721 373 1023 418 tantummodo
1045 374 1243 421 libertate
1263 388 1448 423 conten-

80 442 169 487 dat.
202 441 240 486 Ο
261 439 615 503 pravissimarum
638 442 846 487 mentium
881 460 1081 505 perversa
1105 444 1325 491 doctrina!
1352 447 1448 492 Ad—

78 521 215 557 vertat
232 510 277 554 id
297 509 469 554 tandem
494 510 613 573 quod
636 511 825 573 primum
844 511 1065 559 hominem
1083 514 1142 558 ita
1166 514 1449 579 libertasipsa

79 580 267 643 decepit,
289 591 353 635 ut,
375 580 481 625 dum
509 580 806 640 indulgentius
826 581 955 626 frenis
972 586 1062 642 ejus
1084 584 1234 640 utitur,
1265 585 1310 630 in
1333 602 1454 648 prae·

75 651 384 697 varicationem
419 651 764 713 praesumptione
790 652 1053 709 conciderit,
1083 671 1162 700 nec
1185 655 1334 701 exhac
1368 672 1455 718 po-

76 723 163 767 tuit
201 721 310 776 erui,
338 721 419 766 nisi
454 721 729 784 providentia
760 723 1125 781 regenerationis,
1152 736 1310 770 statum
1334 727 1452 788 pris-

77 791 182 837 tinae
198 791 410 836 libertatis
430 794 462 835 t
470 792 596 837 hristi
615 793 795 838 Domini
816 792 1085 839 reformasset
1109 794 1336 841 adventus
1366 797 1454 842 Au-

77 861 168 907 diat
194 862 336 907 David
366 861 580 908 dicentem
606 880 616 907 :
661 864 940 923 «Ajutorium
975 875 1172 910 nostrum
1213 865 1259 911 in
1280 867 1454 912 nomine

77 953 99 975 »
118 932 347 978 Domini1:
368 943 455 987 net,
475 955 495 974 α
520 933 704 993 Adjutor
726 952 843 980 meus
860 945 966 990 est0,
991 952 1044 980 ne
1068 935 1341 1000 derelinquas
1361 954 1447 993 me,

78 1024 100 1046 >³
124 1020 262 1066 neque
274 1003 485 1066 despicias
509 1021 594 1059 me,
619 1007 737 1051 Deus
755 1005 955 1050 salutaris
979 1007 1147 1063 meus‘2,
1170 1024 1304 1070 »quae
1320 1007 1454 1054 incas-

83 1090 178 1119 sum
216 1072 385 1127 dixerit,
418 1074 646 1119 sitantum
679 1074 723 1120 in
759 1078 850 1134 ejus
875 1085 964 1121 erat
997 1076 1185 1139 positum
1209 1077 1449 1134 voluntate,

78 1143 196 1209 quod
221 1161 244 1189 a
261 1144 450 1189 Domino
470 1145 606 1190 flebili
640 1162 833 1191 sermone
854 1147 1075 1209 poscebat.
1109 1169 1129 1188 2>

142 1214 217 1260 lV.
247 1235 267 1255 «
288 1215 400 1269 Quae
424 1231 522 1260 cum
552 1216 610 1259 ita
636 1216 744 1270 sint,
771 1232 962 1279 cumque
985 1216 1029 1261 in
1062 1218 1266 1264 omnibus
1292 1218 1451 1265 divinis

77 1283 248 1347 paginis
271 1284 484 1329 voluntati
500 1283 651 1330 liberae
676 1285 844 1330 nonnisi
867 1286 1135 1346 adjutorium
1160 1289 1239 1334 Dei
1262 1288 1453 1348 legamus

78 1371 165 1400 esse
185 1354 444 1399 nectendum
463 1391 474 1409 ,
492 1371 672 1417 eamque
689 1355 798 1400 nihil
824 1373 948 1418 posse
966 1357 1217 1404 coelestibus
1240 1358 1455 1422 praesidiis

79 1425 329 1471 destitutam
345 1462 356 1481 ,
382 1442 574 1489 quonam
595 1425 725 1471 modo
749 1426 855 1472 huic
880 1423 960 1472 soli
982 1428 1316 1491 possibilitatem
1340 1429 1458 1475 hanc

77 1496 357 1560 pertinaciter
389 1506 437 1540 ut
460 1495 641 1541 asseritis
668 1495 944 1542 defendentes
967 1498 1171 1554 sibimet,
1197 1499 1307 1553 imo,
1336 1498 1457 1561 quod

76 1577 138 1611 est
169 1566 342 1625 dignius
364 1563 511 1610 dolere
533 1567 756 1610 communi
778 1570 868 1624 jam
903 1567 1103 1630 plurimis
1127 1569 1326 1628 Pelagius
1347 1576 1455 1615 Loe-

77 1635 310 1698 lestiusque
333 1635 607 1698 persuadent.
642 1635 893 1681 Multifariis
916 1638 1116 1700 equidem
1143 1638 1197 1684 ad
1227 1639 1455 1685 destruen-

78 1706 183 1752 dum
210 1706 292 1752 tale
313 1706 602 1766 magisterium
631 1707 695 1751 uti
720 1724 943 1769 possemus
966 1709 1169 1771 exemplis
1188 1747 1199 1765 ,
1225 1710 1304 1754 nisi
1328 1711 1455 1755 scire-

77 1793 174 1822 mus
203 1777 472 1823 sanctitatem
507 1786 688 1821 vestram
727 1776 783 1822 ad
820 1777 998 1840 plenum
1027 1780 1274 1842 Scripturas
1307 1797 1454 1827 omnes

76 1847 231 1893 callere
248 1847 441 1899 divinas3
466 1848 702 1909 praesertim
725 1864 824 1893 cum
844 1860 978 1894 vestra
1000 1849 1147 1895 relatio
1168 1850 1295 1896 tantis
1314 1868 1363 1896 ac
1383 1862 1451 1898 ta-

75 1918 191 1964 libus
228 1918 480 1964 testimoniis
510 1917 563 1962 sit
588 1918 765 1973 referta,
794 1929 840 1963 ut
873 1919 941 1964 his
974 1920 1073 1965 solis
1099 1920 1237 1966 valeat
1261 1938 1450 1984 praesens

75 1990 231 2050 dogmi
254 1988 466 2043 rescindi,
490 2005 687 2051 opusque
710 2006 796 2034 non
815 2007 900 2035 esse
924 1990 1178 2045 reconditis
1199 2008 1300 2037 cum
1332 2003 1373 2038 et
1395 1994 1447 2039 iis

74 2078 175 2126 quae
195 2060 322 2107 facile
343 2059 467 2106 vobis
489 2060 759 2105 occurrentia
794 2060 1020 2124 posuistis,
1044 2079 1122 2107 nec
1156 2062 1343 2108 audeant
1361 2064 1447 2109 ob-

75 2133 217 2188 viare,
241 2149 320 2178 nec
340 2130 520 2195 possint.
554 2134 667 2190 Ergo
701 2131 778 2176 Dei
806 2131 985 2192 gratiam
1017 2144 1231 2179 conantur
1253 2134 1446 2190 auterre,

76 2219 207 2266 quam
227 2218 395 2247 necesse
418 2211 506 2256 est,
534 2200 660 2245 etiam
684 2201 876 2247 restituta
900 2202 1027 2247 nobis
1047 2213 1181 2249 status
1199 2203 1371 2266 pristini
1391 2206 1448 2252 li-

75 2272 270 2329 bertate,
296 2286 545 2335 quaeramus
569 2286 579 2314 :
604 2270 769 2334 quippe
799 2270 876 2334 qui
912 2288 990 2317 nec
1016 2270 1119 2319 alias
1150 2273 1318 2318 diaboli
1349 2292 1446 2321 ma-

77 2344 253 2399 chinas,
281 2344 363 2388 nisi
388 2341 533 2388 eadem
554 2358 783 2405 possumus
801 2346 978 2401 juvante
997 2380 1007 2398 ,
1036 2343 1187 2391 vitare.
1214 2366 1234 2385 »

146 2413 193 2460 V.
241 2435 259 2454 α
288 2414 399 2458 lllud
438 2430 538 2457 vero
577 2412 697 2475 quod
736 2429 806 2458 eos
843 2423 981 2459 vestra
1024 2412 1269 2461 fraternitas
1307 2419 1452 2464 asserit

77 2484 335 2549 praedicare,
352 2483 559 2548 parvulos
577 2494 749 2530 aeternae
764 2484 865 2530 vitae
883 2483 1075 2547 praemiis
1089 2485 1219 2531 etiam
1239 2485 1329 2532 sine
1341 2487 1452 2552 bap-

78 2556 259 2603 tismatis
290 2556 428 2616 gratia
466 2571 589 2619 posse
624 2553 804 2611 donari,
834 2554 1079 2619 perfatuum
1107 2566 1182 2602 est.
1223 2556 1311 2602 Nisi
1337 2559 1450 2605 enim

126 2640 136 2662 ¹
153 2637 237 2672 Psat.
252 2649 363 2674 cxxxix,
384 2639 414 2668 8.
436 2656 471 2661 —
491 2636 505 2658 ¹2
525 2637 571 2670 [xl.
590 2648 677 2674 xxw,
694 2648 727 2678 9.

239 2708 400 2738 axau.
1240 2694 1297 2739 28
