1799 3251
344 287 436 350 274
744 299 777 329 S.
821 295 1067 329 Ancus'rim
1102 297 1304 330 EPISCOPI

339 365 507 429 priores
529 364 615 410 hoc
627 362 821 409 fecerunt
839 361 992 408 divites
1003 358 1193 411 fuerunt.
1226 363 1310 410 Sed
1336 374 1474 411 totum
1494 363 1708 411 mundum

340 435 539 492 dimittit,
560 434 636 498 qui
659 442 700 479 et
719 432 829 479 illud
855 433 975 496 quod
1001 433 1153 490 hahet,
1171 433 1350 496 etquod
1375 445 1498 498 optat
1529 433 1705 490 habere,

337 505 534 552 dimittit.
566 505 793 561 Quantum
820 513 960 549 autem
985 503 1030 549 in
1052 503 1137 550 hac
1163 503 1437 567 perfectionis
1463 505 1530 550 via
1560 502 1708 567 profe-

338 576 498 632 cerim,
534 575 670 635 magis
694 573 869 638 quidem
915 574 1017 620 novi
1050 591 1127 634 ego
1159 591 1290 638 quam
1334 575 1561 638 quisquam
1602 573 1709 620 alius

337 647 472 693 homo
488 666 500 700 ς
516 645 589 692 sed
609 646 744 706 magis
763 646 877 690 Deus
894 661 1023 708 quam
1044 662 1136 705 ego.
1171 649 1226 690 Et
1250 645 1304 691 ad
1328 645 1414 691 hoc
1433 645 1708 709 propositum

335 718 509 781 quantis
533 733 705 780 possum
723 715 890 763 Viribus
915 715 1019 761 alios
1044 716 1263 771 exhortor,
1288 727 1328 761 et
1345 716 1388 762 in
1414 717 1587 761 nomine
1615 715 1709 761 Do-

337 787 600 833 minihabeo
616 797 849 842 consortes,
866 785 1029 850 quibus
1049 785 1134 831 hoc
1160 803 1238 849 per
1260 803 1354 832 meu
1364 803 1403 831 m
1425 786 1708 832 ministerium

336 874 590 922 persuasum
609 867 669 903 est
699 874 710 903 ε
739 857 800 902 sic
818 867 961 902 tamen
984 866 1031 901 ut
1058 857 1283 920 praecipue
1307 874 1407 902 sana
1430 856 1629 902 doctrina
1642 867 1709 902 te-

335 938 511 984 neatur,
541 944 620 973 nec
645 943 714 972 eos
737 927 812 990 qui
837 926 915 972 ista
952 943 1038 971 non
1076 926 1260 980 faciunt,
1297 944 1406 973 vana
1439 926 1711 973 contumacia

331 999 605 1059 judicemus3
632 997 822 1043 dicentes
835 997 892 1042 eis
913 996 1022 1042 nihil
1036 997 1236 1060 prodesse
1247 997 1366 1061 quod
1381 998 1541 1061 pudice
1559 1011 1710 1061 quam-

335 1070 399 1115 vis
438 1068 721 1129 conjugaliter
757 1069 936 1121 vivunt3
974 1067 1096 1131 quod
1129 1067 1282 1114 domos
1321 1085 1417 1114 suas
1452 1080 1493 1115 et
1529 1068 1712 1114 familias

338 1139 573 1186 christiane.
601 1148 772 1199 regunt;
798 1137 916 1201 quod
943 1137 1148 1201 operibus
1172 1138 1479 1184 misericordiae
1505 1139 1587 1184 sibi
1612 1138 1714 1184 the-

334 1211 548 1256 saurizant
568 1210 613 1255 in
635 1219 887 1272 posterum3
915 1226 969 1254 ne
1000 1208 1080 1254 ista
1105 1208 1373 1272 disputando
1398 1227 1486 1255 non
1510 1210 1715 1274 Scriptu-

337 1298 484 1328 rarum
511 1291 757 1326 sanctarum
784 1289 1053 1335 tractatores,
1081 1279 1153 1324 sed
1182 1296 1329 1325 earum
1354 1291 1621 1326 accusatores
1642 1281 1716 1326 in-

338 1352 578 1398 veniamur.
603 1349 734 1409 Quod
749 1350 844 1397 ideo
860 1350 1433 1414 commemoravi„‘quoniam
1460 1351 1717 1416 istiquando

340 1423 442 1469 talia
475 1423 617 1468 dicere
652 1422 947 1485 prohihentur
970 1421 1026 1466 ab
1057 1421 1135 1476 eis,
1161 1421 1236 1484 qui
1265 1421 1349 1466 hoc
1378 1421 1557 1468 Domini
1578 1421 1721 1468 consi-

339 1494 448 1539 lium
466 1510 551 1539 non
578 1503 805 1556 ceperunt,
832 1490 1094 1556 respondent
1122 1509 1192 1537 eos
1221 1492 1323 1537 talia
1348 1492 1567 1556 disputari
1606 1492 1721 1539 nolle

345 1566 549 1628 quoniam
579 1563 691 1609 vitiis
716 1563 801 1609 suis
834 1562 997 1618 favent,
1035 1561 1257 1607 dominica
1296 1575 1519 1627 praecepta
1541 1563 1721 1628 implere

348 1635 592 1681 detrectant
614 1652 624 1680 :
651 1635 773 1698 quasi
796 1651 901 1690 non,
925 1644 973 1679 ut
993 1632 1046 1678 de
1069 1632 1120 1679 iis
1146 1644 1328 1688 taceam,
1355 1635 1448 1697 qui‚
1473 1634 1573 1681 licet
1600 1636 1726 1681 infir-

350 1705 523 1761 miores,
558 1705 752 1765 religiose
776 1715 920 1750 tamen
947 1714 1134 1750 utuntur
1166 1702 1345 1757 divitiis,
1385 1706 1510 1751 etiam
1535 1706 1618 1769 ipsi
1643 1720 1726 1752 cu-

352 1776 448 1839 pidi
469 1786 509 1822 et
524 1775 640 1822 avari
659 1775 768 1821 male
787 1775 855 1820 his
876 1785 1059 1829 utentes,
1083 1774 1191 1820 etin
1216 1783 1384 1820 terreno
1426 1775 1629 1822 thesauro
1653 1792 1729 1822 cor

354 1847 521 1892 luteum
546 1846 739 1905 figentes,
763 1845 865 1908 quia
889 1855 930 1890 et
956 1845 1072 1908 ipsos
1098 1861 1265 1890 necesse
1285 1856 1499 1910 estusque
1519 1846 1573 1892 ad
1600 1847 1729 1892 finem

359 1926 505 1980 portet
529 1915 737 1971 Ecclesia,
764 1915 877 1960 sicut
900 1914 972 1960 illa
991 1915 1096 1960 retia
1118 1931 1253 1977 usque
1271 1915 1326 1960 ad
1351 1914 1469 1961 littus
1490 1916 1627 1980 pisces
1643 1933 1732 1961 ma-

359 1987 442 2043 los,
473 1985 780 2032 tolerabiliores
802 1986 847 2031 in
871 2002 918 2031 ea
941 1984 1025 2030 sint
1043 2001 1174 2048 quam
1197 1985 1284 2041 isti,
1310 1987 1384 2049 qui
1408 1987 1506 2032 talia
1525 1986 1734 2032 sermoci-

363 2057 510 2104 nando
531 2067 572 2102 et
592 2056 929 2112 disseminando,
949 2056 1010 2101 ita
1030 2073 1071 2101 sc
1092 2055 1227 2101 videri
1246 2072 1422 2116 magnos
1444 2057 1614 2114 volunt,
1633 2057 1734 2121 quia

367 2127 540 2175 divitias
556 2143 650 2173 suas
670 2126 736 2172 vel
752 2126 1150 2190 quantulacumque
1165 2126 1424 2188 patrimonia
1445 2146 1490 2173 ex
1512 2139 1736 2192 praecepto

372 2198 548 2243 Domini
583 2196 901 2252 vendiderunt,
934 2206 982 2241 ut
1004 2199 1094 2255 ej11s
1115 2195 1433 2246 haereditatem.
1461 2215 1560 2262 quae
1601 2214 1736 2261 usque

374 2269 427 2315 ad
448 2269 553 2314 fines
582 2277 705 2313 terrae
730 2267 938 2313 dilatatur
961 2276 1089 2329 atque
1109 2265 1386 2323 diffunditur,
1432 2268 1515 2314 hae
1542 2268 1738 2315 doctrina

375 2355 462 2385 non
487 2356 587 2383 sana
612 2338 871 2401 perturbare
903 2348 1031 2400 atque
1052 2346 1237 2382 evertere
1265 2337 1511 2385 moliantur.

443 2410 535 2455 XL.
563 2409 828 2472 Respondet
846 2407 911 2453 ad
927 2409 1234 2471 qucrstz'onem
1255 2424 1283 2453 v
1302 2409 1359 2453 cle
1379 2409 1592 2455 cavenda
1606 2410 1744 2473 jura-

383 2483 514 2525 lz‘one.
535 2504 597 2511 —
615 2478 740 2523 [nde
763 2478 864 2541 quia
887 2494 934 2523 ex
954 2477 1040 2522 hac
1058 2476 1234 2540 quidem
1256 2479 1497 2527 occasione.
1514 2479 1585 2525 sed
1604 2491 1746 2526 tamen

375 2554 466 2610 jam
485 2547 675 2594 breviter
691 2547 794 2605 dixi,
818 2547 926 2612 quid
944 2547 1074 2593 etiam
1095 2547 1148 2593 de
1177 2547 1366 2593 Ecclesia
1394 2549 1557 2595 Christi
1592 2552 1635 2596 in
1660 2550 1746 2596 hoc

380 2618 540 2666 saeculo
568 2617 765 2674 sentiam,
790 2618 833 2664 id
853 2629 913 2664 est
937 2618 1039 2681 quia
1061 2633 1194 2680 usque
1226 2617 1276 2662 ad
1300 2619 1426 2664 finem
1450 2619 1581 2680 hujus
1603 2619 1747 2667 saeculi
