1799 3251
539 267 748 299 EPISTOLA
784 268 962 298 cxxxix.
1409 268 1433 313 7

67 338 229 403 quibus
251 335 383 397 magis
406 333 647 390 inardesco,
667 333 807 379 deesse
830 350 915 379 non
927 342 1125 396 possunt,
1151 348 1251 378 cum
1270 331 1431 396 paulu-

67 407 158 454 lum
171 406 298 471 spatii
313 407 383 452 vix
400 404 528 450 datur
550 403 661 449 inter
688 419 862 449 acervos
883 402 1243 466 occupationum,
1271 402 1432 465 quibus

69 494 146 522 nos
168 477 320 522 alienae
343 474 410 520 vel
426 473 685 537 cupiditates
709 472 775 518 vel
799 472 1065 518 necessitates
1087 471 1327 531 angariatos
1347 481 1433 516 tra-

68 546 194 592 hunt.
218 544 389 608 thuid
410 544 562 589 faciam
588 559 762 606 prorsus
786 543 943 588 nescio.

134 617 208 662 lv.
239 615 406 661 Audisti
440 614 551 659 uude
579 630 744 657 mecum
790 613 1022 657 Dominum
1063 611 1335 675 depreceris:
1359 610 1434 656 sed

69 685 195 730 etiam
208 684 326 748 quod
348 695 431 728 tam
448 683 654 728 instanter
674 693 715 727 et
736 692 818 726 tam
842 682 994 727 crebro
1008 699 1075 727 me
1093 682 1316 736 admones,
1334 680 1435 726 nolo

70 773 218 806 cesses,
242 753 447 800 nonnihil
476 771 615 813 agens.
636 753 904 798 Commendo
923 753 1049 799 etiam
1073 770 1150 813 ego
1176 752 1435 798 excellentiae

70 835 157 870 tuae
184 824 412 870 Ecclesiam
440 824 481 869 in
512 823 714 868 Numidia
758 824 1054 877 constitutam,
1097 833 1276 885 propter
1310 825 1436 881 cujus

69 896 334 939 necessitates
355 904 526 939 sanctus
565 893 692 937 frater
714 902 753 937 et
778 893 1068 955 coepiscopus
1103 909 1221 938 meus
1244 891 1436 954 Delphi-

70 981 150 1009 nus
165 982 186 1009 a
204 963 413 1009 fratribus
434 974 474 1009 et
489 963 762 1040 coepiscopis
791 963 893 1008 meis
912 963 976 1008 ibi
1007 962 1379 1009 collaborantibus
1396 974 1438 1007 et

69 1033 517 1097 compericlitantibus
537 1033 687 1078 missus
699 1044 772 1078 est.
801 1034 891 1078 Nec
906 1033 1057 1079 dehac
1075 1051 1118 1078 re
1139 1033 1262 1095 plura
1274 1032 1434 1087 scribo,

69 1119 168 1149 cum
189 1103 335 1182 ips-um
355 1113 607 1166 praesentem
628 1103 681 1148 sis
705 1102 948 1150 auditurus.
982 1103 1175 1150 Caetera
1167 1121 1208 1148 ln
1231 1104 1438 1148 Commo-

70 1172 460 1225 nitoriisinvenies
486 1189 586 1236 quae
620 1173 670 1218 ad
702 1173 1001 1236 presbyterum
1023 1173 1134 1219 misi.
1165 1190 1252 1218 slve
1280 1171 1429 1226 modo,

71 1245 157 1288 site
183 1260 257 1305 per
281 1243 513 1288 diaconum
541 1243 845 1302 Peregrinum,
868 1260 921 1287 ne
940 1243 1051 1288 mihi
1070 1261 1118 1288 ea
1142 1243 1264 1287 toties
1283 1241 1439 1287 iterare

71 1330 234 1358 neccsse
258 1314 325 1358 sit.
352 1314 530 1375 Semper
552 1313 596 1358 in
628 1313 804 1358 Christo
823 1330 900 1358 cor
923 1323 1047 1358 tuum
1074 1313 1231 1372 vigeat,
1254 1311 1439 1357 Domine

69 1383 221 1428 merito
243 1382 417 1442 insignis
439 1382 708 1445 multumque
725 1381 974 1428 charissime
988 1399 1038 1428 ac
1053 1380 1441 1428 desiderantissime

69 1451 144 1500 fili.
185 1453 341 1502 Filium
378 1463 571 1499 nostrum
595 1453 820 1499 Ruffinum
857 1453 1096 1499 Cirtensem
1139 1451 1431 1515 Principalem

68 1524 325 1570 commendo
345 1524 571 1570 eximietati
587 1534 687 1570 tuae.

66 1648 106 1661 xv·
113 1648 152 1661 ux
158 1647 198 1662 οη
208 1647 431 1669 nummo-nvn
437 1646 665 1661 mvwwxmxu
672 1646 709 1659 u*
718 1645 854 1660 §mmm
861 1646 898 1660 «m
906 1647 943 1660 u«
953 1646 1035 1661 mu·
1047 1647 1082 1660 u-
1093 1646 1131 1659 νυ
1139 1646 1180 1661 nm
1188 1645 1222 1659 κν
1232 1644 1269 1657 ιν-
1277 1643 1313 1657 u·
1322 1641 1356 1655 θ’
1363 1642 1396 1655 w·
1408 1641 1452 1655 *¹-

410 1724 481 1766 DE
515 1724 648 1774 SEQL
658 1723 796 1765 ENTE
829 1723 1089 1765 EPISTULA

349 1822 436 1852 Lm.
489 1822 538 1851 ΙΙ.
592 1823 796 1853 ΗΕἸΉΑΟΤ.
847 1824 942 1852 CAP.
992 1823 1144 1852 XXXVI.

140 1918 202 1962 Eo
227 1918 320 1980 ipso
339 1927 549 1980 tempore,
579 1934 666 1981 quo
707 1929 856 1964 contra
878 1918 1124 1964 Donatistas
1163 1917 1438 1963 vehementer

70 1986 391 2043 exercebamur,
407 1997 447 2032 et
462 1998 612 2033 contra
630 1988 880 2048 Pelagianos
898 1989 912 2049 (
929 1989 970 2046 2)
989 1987 1169 2033 exerceri
1184 1991 1273 2046 jam
1293 2004 1439 2049 coepe-

73 2073 232 2110 ramuS‚
259 2056 424 2103 amicus
447 2057 625 2120 quidam
643 2059 749 2103 mihi
768 2059 883 2104 misit
905 2058 1098 2122 quinque
1124 2076 1147 2103 a
1173 2057 1439 2117 Carthagine

60 2127 344 2190 quaestiones,
371 2137 412 2172 et
428 2129 596 2187 rogavit
622 2139 669 2173 ut
691 2146 758 2174 eas
791 2128 854 2174 illi
890 2128 1120 2174 scribendo
1152 2145 1435 2191 exponerem;

70 2213 171 2260 quae
189 2207 306 2253 sunt,
330 2196 448 2254 Quid
466 2198 548 2243 sibi
575 2198 677 2243 velit
699 2215 777 2243 vox
797 2198 869 2243 illa
895 2198 1072 2244 Domini
1094 2216 1104 2243 z
1123 2220 1143 2239 «
1158 2199 1273 2243 Deus
1295 2214 1431 2249 meus.

74 2288 95 2309 »
116 2268 227 2313 Deus
244 2284 381 2320 meUS,
397 2267 568 2330 utquid
584 2285 652 2314 me
662 2267 926 2332 dereliquisti
944 2267 990 2314 19
1016 2290 1035 2310 ›>
1064 2270 1116 2314 Et
1133 2268 1240 2332 quid
1256 2268 1310 2313 sit
1325 2267 1442 2331 quod

74 2337 130 2383 ait
151 2336 382 2400 Apostolus
402 2355 413 2383 ε
436 2359 456 2379 «
471 2339 589 2384 Utin
609 2338 820 2385 charitate
840 2338 1023 2385 radicati
1047 2349 1088 2384 et
1105 2337 1293 2395 fundati,
1318 2356 1438 2402 prae-

74 2428 95 2450 »
113 2407 288 2454 valeatis
311 2409 680 2473 comprehendere
705 2427 806 2457 cum
835 2410 1038 2456 omnibus
1051 2410 1207 2456 sanctis
1226 2446 1236 2466 ‚
1261 2427 1361 2473 quae
1385 2410 1440 2456 sit

77 2498 98 2520 »
121 2478 306 2526 latitudo
332 2490 374 2525 et
392 2479 619 2540 longitudo
642 2491 684 2527 et
707 2480 890 2527 altitudo
915 2491 956 2526 et
987 2479 1259 2544 profundum
1282 2481 1316 2527 ².
1342 2504 1361 2523 υ
1388 2482 1442 2527 lit

125 2570 135 2592 ¹
157 2571 235 2602 Psal
255 2581 320 2610 ιιι,
342 2584 371 2611 2,
390 2577 417 2603 et
438 2571 557 2604 Manh.
582 2583 682 2611 xxvii,
702 2573 755 2609 46.
776 2591 813 2597 —
835 2571 848 2594 Ἰ
867 2571 971 2616 Ephes
1005 2583 1061 2612 ιιι,
1084 2583 1134 2611 ²7·
