1799 3251
591 284 802 314 izrtsrom
840 285 934 314 cxt.
1384 273 1435 327 ζμ

73 353 260 417 Spiritus
271 354 334 399 sui
352 352 503 398 sancti.
529 350 647 409 Quid
664 350 775 396 enim
797 349 914 395 aliud
937 361 1000 396 cst
1016 351 1235 397 canticum
1258 369 1419 399 novum
1434 390 1444 409 ,

75 439 205 486 quam
228 424 321 469 laus
347 423 455 467 Dei‘)

135 494 267 541 XLV.
310 493 505 556 Denique
528 492 738 555 sequitur,
781 502 823 536 et
859 491 944 537 hoc
980 491 1220 537 evidentius
1244 491 1450 539 demons-

73 574 171 610 trat.
204 564 315 609 Cum
341 563 454 608 enim
478 561 645 607 dixisset
667 579 677 606 2
708 582 727 602 c<
747 562 949 607 Narrabo
972 578 1130 614 nomen
1156 572 1280 607 tuum
1299 561 1451 609 fratri-

72 656 93 677 »
113 634 197 679 bus
216 633 368 689 meis¹‚
394 654 414 674 »
437 633 539 695 quia
558 636 699 677 Deum
726 648 852 676 nemo
878 631 988 676 vidit
1017 648 1206 695 unquam
1228 669 1238 687 ,
1262 633 1334 678 sed
1357 634 1451 679 uni-

71 705 236 763 genitus
254 703 385 749 Filius
397 703 473 766 qui
490 712 551 747 est
572 702 616 747 in
642 703 738 747 sinu
763 702 902 746 Patris
921 701 1012 764 ipse
1035 702 1294 759 enarravit23
1323 715 1452 767 atque

72 773 362 833 adjunxisset,
394 792 413 813 «
433 773 482 817 ln
515 771 658 817 medio
707 771 917 817 Ecclesiae
950 771 1138 816 cantabo
1171 783 1211 817 tc
1244 790 1298 817 :n
1338 789 1454 835 quo-

70 843 201 889 modo
223 843 436 897 cantavit,
460 841 505 887 id
534 851 595 886 est
614 842 717 905 quia
736 842 780 886 in
799 841 926 886 nobis
944 842 1138 886 cantavit
1158 879 1169 897 ‚
1191 859 1289 887 cum
1315 844 1450 905 profi-

71 914 209 959 cimus
231 914 275 959 in
295 912 469 958 nomine
486 949 496 967 ‚
525 911 642 974 quod
671 911 865 957 narravit
883 910 1094 957 fratribus
1115 912 1201 957 suis
1220 934 1231 966 ;
1269 924 1309 958 et
1348 914 1448 975 quia

70 983 242 1029 laudem
268 983 346 1028 Dei
369 981 559 1028 cantavit
592 983 637 1027 in
676 982 803 1027 nobis
823 1019 832 1036 ‚
873 981 1084 1027 continuo
1121 982 1413 1028 manifestavit
1435 1018 1444 1027 .

71 1053 250 1099 dicens:
281 1074 300 1094 «
323 1053 409 1109 Qui
432 1052 588 1098 timetis
621 1052 857 1098 Dominum
878 1089 888 1105 ‚
917 1052 1090 1097 laudate
1113 1069 1210 1097 eum
1228 1053 1259 1099 3.
1288 1074 1308 1094 »
1339 1054 1447 1109 Quis

72 1134 214 1169 autem
233 1124 444 1169 veraciter
469 1122 647 1178 laudat,
687 1123 768 1167 nisi
791 1123 868 1186 qui
901 1123 1123 1168 sinceriter
1153 1126 1300 1169 amati)
1324 1124 1446 1168 Tan—

73 1194 266 1240 tumdem
297 1211 396 1254 ergo
414 1204 476 1239 est
502 1210 549 1239 ac
571 1194 604 1238 si
632 1193 821 1248 diecret,
857 1194 944 1250 Qui
987 1193 1142 1238 timetis
1174 1194 1411 1239 Dominum
1434 1231 1444 1249 ‚

74 1275 214 1309 amate
247 1281 359 1310 eum.
389 1284 410 1305 «
429 1263 546 1309 Dixit
569 1262 681 1308 enim
703 1262 873 1308 homini
892 1300 902 1318 ‚
924 1284 944 1303 ›>
972 1263 1084 1308 sicut
1113 1263 1326 1325 scriptum
1354 1274 1445 1319 est,

75 1355 95 1374 »
117 1335 230 1380 Ecce
250 1334 386 1396 pietas
407 1343 469 1379 est
486 1333 696 1396 sapientia
710 1332 743 1379 Δ.
762 1354 783 1373 »
803 1333 940 1378 Porro
958 1333 1094 1395 pietas
1109 1333 1251 1379 cultus
1272 1334 1350 1378 Dei
1369 1344 1446 1389 est,

73 1420 153 1449 nec
178 1404 336 1449 colitur
362 1403 433 1449 ille
458 1403 539 1448 nisi
563 1402 765 1450 amando.
808 1404 988 1448 Summa
1017 1403 1150 1463 igitur
1183 1415 1224 1449 et
1252 1421 1352 1449 vera
1379 1421 1450 1449 sa-

73 1474 236 1537 pientia
271 1485 332 1519 est
362 1474 405 1519 in
430 1485 655 1538 praecepto
680 1473 754 1519 illo
777 1474 948 1536 primo,
976 1473 1178 1534 «Diliges
1211 1474 1448 1519 Dominum

75 1567 96 1587 »
116 1549 256 1591 Deum
277 1555 401 1590 tuum
417 1561 464 1590 ex
487 1555 574 1590 toto
591 1544 721 1590 corde
742 1555 818 1590 tuo
835 1581 845 1600 ‚
869 1555 909 1589 et
929 1561 975 1589 ex
1003 1555 1092 1589 tota
1113 1546 1253 1590 anima
1283 1543 1400 1591 tua5.
1429 1566 1449 1586 υ

77 1618 138 1661 Ac
165 1632 244 1678 per
265 1615 353 1661 hoc
368 1614 576 1678 sapientia
594 1625 656 1660 est
682 1614 872 1660 charitas
891 1615 970 1659 Dei
988 1634 998 1667 ς
1021 1631 1100 1660 nec
1120 1614 1381 1660 diffunditur
1405 1615 1449 1660 in

75 1686 284 1732 cordibus
312 1687 497 1742 nostris,
529 1686 609 1731 nisi
639 1703 716 1749 per
740 1685 954 1748 Spiritum
991 1695 1187 1730 sanctum
1217 1685 1292 1748 qui
1323 1684 1450 1731 datus

75 1769 138 1803 est
162 1757 336 1803 11011136.
367 1778 387 1798 «
408 1756 587 1801 Initium
615 1767 756 1801 autem
780 1756 1003 1819 sapientiae
1030 1756 1159 1800 timor
1179 1755 1406 1802 Domini7.
1431 1778 1450 1798 ›>

77 1830 133 1873 Et
156 1828 285 1873 timor
306 1845 393 1873 non
413 1827 533 1873 estin
560 1827 772 1872 charitate
789 1864 800 1883 ,
827 1826 899 1872 sed
921 1826 1110 1889 perfecta
1129 1826 1318 1871 charitas
1338 1826 1451 1872 foras

76 1897 210 1944 mittit
235 1898 428 1943 timorem
447 1897 480 1944 3.
520 1897 710 1942 Proinde
739 1897 989 1960 praemissus
1018 1897 1147 1942 timor
1176 1897 1220 1942 in
1251 1914 1326 1942 cor
1345 1915 1438 1943 nos·

77 1979 222 2022 trum,
256 1967 380 2031 pellit
411 1966 513 2012 inde
543 1967 899 2012 consuetudinem
929 1967 1142 2012 malorum
1174 1984 1353 2030 operum
1375 2006 1385 2024 ,
1410 1979 1452 2013 et

77 2049 217 2084 servat
235 2038 438 2083 charitati
459 2036 629 2093 locum,
657 2054 743 2100 qua
780 2047 987 2101 tanquam
1020 2037 1195 2082 domina
1227 2038 1446 2095 veniente,

78 2119 126 2154 ut
145 2108 218 2154 illa
241 2108 421 2164 insidat,
444 2107 651 2154 abscedit.

143 2180 303 2225 XLVI.
332 2180 444 2238 Ergo
461 2199 478 2219 u
495 2178 583 2235 Qui
605 2178 760 2223 timetis
776 2179 1012 2225 Dominum
1031 2218 1041 2235 ‚
1062 2179 1236 2225 laudate
1250 2196 1346 2225 eum
1362 2182 1405 2235 93
1431 2203 1450 2221 n

78 2260 127 2295 ut
152 2250 291 2294 Deum
327 2266 412 2294 non
448 2247 672 2304 serviliter,
707 2248 777 2294 sed
805 2249 939 2294 libere
969 2249 1144 2305 colatis,
1185 2266 1280 2295 eum
1309 2267 1452 2297 amare

79 2319 230 2365 discite
260 2335 389 2382 quem
421 2318 605 2374 timetis,
632 2330 673 2364 et
695 2320 890 2382 poteritis
919 2319 1098 2365 laudare
1129 2320 1248 2383 quod
1280 2322 1445 2369 amatis.

80 2390 296 2435 Timentes
315 2389 426 2434 enim
445 2391 584 2434 Deum
604 2389 802 2435 homines
825 2391 987 2436 Veteris
1006 2392 1293 2445 Testamenti,
1317 2410 1454 2456 prop-

130 2497 138 2517 ¹
158 2496 235 2527 Psal.
256 2506 324 2536 xxx,
343 2496 454 2526 23.—
468 2494 483 2517 ²
499 2498 592 2529 Joan.
609 2508 634 2536 1,
653 2499 756 2530 18.—
773 2495 786 2520 3
804 2496 884 2532 Psat.
913 2509 977 2533 xm,
998 2505 1052 2533 94.
1068 2516 1113 2522 --
1132 2497 1146 2520 4
1162 2499 1235 2530 Job.
1254 2510 1374 2535 xxviii,
1397 2503 1451 2538 28,

78 2553 168 2593 juxta
188 2561 260 2583 Lxx.
277 2568 320 2573 —
335 2548 349 2571 ⁵
369 2550 483 2583 Maith.
497 2561 577 2590 xxii,
596 2553 698 2592 37.—
714 2550 729 2573 ⁶
744 2556 835 2585 Rom.
851 2564 880 2591 v,
897 2555 976 2586 3.—
991 2551 1005 2575 ⁷
1024 2553 1106 2588 ssal.
1125 2565 1193 2595 cxi,
1220 2565 1309 2585 10.—
1330 2552 1344 2574 ⁸
1357 2557 1454 2586 Joau.

83 2619 126 2649 iv,
150 2618 180 2642 ι.
195 2624 241 2630 -
256 2604 270 2627 9
287 2605 367 2639 Psal.
382 2615 449 2646 ΠΙ,
471 2612 527 2644 24.
