1799 3251
312 294 403 340 332
733 309 766 337 s.
812 307 1055 338 AUGUSTINt
1094 307 1297 337 EPISCOPI

315 392 339 419 a
376 372 572 420 creandis
597 373 717 419 novis
742 373 947 419 creaturis
976 371 1301 432 intelligendum
1331 382 1410 425 est,
1441 387 1528 416 non
1556 387 1578 415 a
1605 385 1689 429 gu-

316 443 551 490 bernandis
569 463 580 497 3
600 443 703 507 quia
724 454 829 489 tunc
863 461 909 489 ea
926 460 1026 506 quae
1063 461 1150 489 non
1177 452 1315 496 erant,
1339 441 1458 492 fecit,
1480 459 1503 486 a
1522 441 1688 504 quibus

313 514 522 561 faciendis
548 514 760 577 requievit
788 531 798 559 t
838 515 942 577 quia
982 523 1355 560 consummaverat
1396 512 1568 568 omnia,
1595 527 1695 573 quae

316 595 546 648 antequam
574 594 729 640 essent,
757 583 868 630 vidit
892 601 978 629 esse
998 584 1214 639 facienda,
1245 594 1291 628 ut
1309 583 1512 645 deinceps
1536 598 1624 626 non
1643 597 1695 625 ea

314 671 415 718 quae
433 671 520 699 non
558 664 697 708 erant,
721 653 794 699 sed
819 671 864 699 ex
890 654 957 699 his
991 658 1194 717 quaejam
1216 663 1338 698 erant
1379 662 1541 698 crearet
1565 661 1606 696 et
1630 650 1698 695 fa-

315 735 429 770 ceret
446 723 663 787 quidquid
687 723 859 770 faceret.
892 724 957 768 lta
983 735 1216 786 utrumque
1254 739 1403 769 verum
1435 738 1520 767 esse
1539 737 1693 766 mons-

319 804 477 850 tratur,
515 804 557 839 et
578 793 698 857 quod
734 794 900 839 dictum
924 805 1001 847 est,
1034 813 1044 839 ι
1075 815 1093 835 <c
1120 793 1351 857 Requievit
1390 793 1444 838 ab
1484 791 1691 854 operibus

318 865 442 909 »suis
466 881 476 909 ε
504 886 524 905 »
548 874 589 909 et
614 864 732 927 quod
758 864 926 910 dictum
953 876 1031 917 est,
1062 886 1080 905 «
1105 866 1249 927 Usque
1275 880 1392 909 nunc
1417 872 1654 925 operatur:
1675 882 1695 903 »2

322 934 529 997 quoniam
553 934 707 979 Genesi
730 951 814 980 non
827 945 969 997 potest
986 934 1264 994 Evangelium
1290 951 1375 979 esse
1401 932 1691 978 contrarium.

383 1005 486 1051 XII.
520 1004 678 1050 Verum
713 1004 782 1049 his
819 1005 895 1066 qui
925 1005 1024 1050 haec
1054 1004 1150 1050 ideo
1192 1004 1375 1060 dicunt,
1415 1020 1467 1048 ne
1497 1001 1701 1048 credatur

321 1073 453 1119 modo
478 1075 621 1129 Deus,
651 1076 764 1120 sicut
799 1075 918 1119 illam
949 1092 1079 1120 unam
1115 1092 1247 1120 novas
1280 1075 1464 1130 animas,
1484 1089 1585 1136 quae
1611 1088 1698 1117 non

318 1153 440 1189 erant
463 1180 473 1199 ,
501 1142 666 1197 facere;
689 1143 762 1188 sed
782 1161 830 1189 ex
846 1144 918 1189 illa
938 1161 1041 1198 una,
1061 1149 1267 1207 quaejam
1293 1154 1410 1198 erat,
1441 1160 1510 1188 eas
1532 1157 1696 1198 creare,

317 1213 387 1259 vel
423 1230 470 1258 ex
501 1212 619 1258 fonte
651 1214 796 1277 aliquo
829 1214 916 1259 sive
951 1215 1156 1259 thesauro
1186 1214 1378 1277 quodam
1399 1251 1409 1268 ,
1441 1230 1568 1275 quem
1597 1223 1702 1257 tunc

320 1282 423 1328 fecit
441 1320 452 1339 ,
477 1300 544 1328 eas
567 1283 759 1339 mittere,
781 1282 907 1329 facile
927 1284 1232 1347 respondetur,
1259 1285 1386 1330 etiam
1412 1283 1495 1329 illis
1515 1300 1581 1328 sex
1605 1281 1703 1328 die-

323 1353 406 1399 bus
432 1353 569 1399 multa
592 1354 731 1400 Deum
765 1371 929 1400 creasse
953 1372 999 1399 ex
1027 1355 1096 1400 his
1126 1355 1315 1410 naturis,
1344 1357 1554 1417 quasjam
1579 1369 1704 1399 crea-

324 1433 474 1479 verat,
504 1423 616 1469 sicut
643 1441 690 1469 ex
716 1424 838 1486 aquis
858 1423 977 1469 alites
1004 1434 1045 1469 et
1064 1425 1224 1487 pisces;
1259 1435 1435 1469 exterra
1461 1434 1603 1469 autem
1630 1439 1704 1468 ar-

326 1492 478 1547 bores,
500 1492 690 1549 foenum,
719 1493 921 1538 animalia
953 1511 962 1538 :
994 1494 1064 1539 sed
1087 1494 1207 1557 quod
1227 1511 1292 1549 ea,
1327 1511 1427 1557 quae
1457 1510 1543 1538 non
1560 1502 1700 1548 erant,

323 1573 429 1608 tunc
449 1562 623 1618 fecerit,
649 1562 925 1609 manifestum
954 1574 1029 1609 est.
1063 1564 1193 1609 Nulla
1213 1565 1327 1610 enim
1348 1574 1437 1609 erat
1462 1563 1549 1609 avis
1567 1599 1579 1619 ,
1605 1562 1703 1608 nul-

320 1632 387 1678 lus
409 1633 560 1696 pisciS‚
585 1633 704 1678 nulla
736 1634 883 1686 arbor,
907 1634 1077 1679 nullum
1109 1635 1267 1680 animal
1297 1653 1307 1679 :
1341 1645 1381 1679 et
1405 1634 1515 1679 bene
1539 1632 1703 1678 intelli-

321 1703 439 1762 gitur
465 1703 521 1747 ab
538 1702 606 1748 his
627 1704 778 1749 creatis
794 1705 1050 1767 requievisse
1069 1742 1078 1759 ‚
1101 1722 1200 1768 quae
1221 1722 1307 1750 non
1324 1715 1468 1753 erant,
1495 1714 1536 1748 et
1560 1713 1703 1748 creata

320 1783 441 1831 sunt,
460 1772 503 1818 id
518 1784 596 1829 est,
625 1791 820 1826 cessasse,
842 1791 893 1819 ne
913 1774 1024 1820 ultra
1046 1791 1146 1837 quae
1165 1792 1249 1820 non
1277 1785 1414 1829 erant,
1435 1783 1697 1820 crearentur.

323 1842 407 1888 Sed
435 1859 552 1888 nunc
582 1843 702 1906 quod
731 1844 911 1899 dicitur,
945 1846 1108 1890 animas
1128 1862 1214 1890 non
1242 1846 1284 1890 in
1306 1845 1450 1890 nescio
1477 1861 1564 1907 quo
1584 1843 1704 1889 fonte

320 1915 410 1973 jam
429 1912 649 1959 existentes
670 1914 837 1959 mittere
854 1952 863 1969 ‚
890 1932 968 1960 nec
990 1915 1043 1960 de
1067 1933 1108 1960 se
1135 1916 1228 1978 ipso
1254 1927 1458 1978 tanquam
1482 1931 1578 1959 suas
1605 1930 1705 1977 par-

324 1982 480 2028 ticulas
504 1983 710 2038 irrorare,
744 2001 823 2029 nec
845 1984 897 2030 de
922 1985 994 2030 illa
1022 2002 1104 2030 una
1127 1986 1391 2044 originaliter
1415 1985 1600 2039 trahere,
1625 2000 1703 2029 nec

325 2069 407 2116 pro
435 2051 603 2098 delictis
627 2064 722 2098 ante
745 2070 918 2099 carnem
938 2055 1176 2099 commissis
1196 2056 1360 2100 carneis
1378 2054 1563 2100 vinculis
1585 2071 1703 2099 com-

326 2122 474 2186 pedire
496 2160 506 2178 ‚
532 2123 605 2168 sed
636 2141 770 2169 novas
797 2141 941 2169 creare
979 2125 1166 2183 singulas
1195 2126 1374 2185 singulis
1398 2142 1517 2170 suam
1546 2124 1704 2187 cuique

328 2195 541 2249 nascenti,
559 2211 648 2239 non
672 2194 838 2258 aliquid
863 2195 1002 2241 facere
1026 2195 1203 2251 dicitur,
1231 2196 1351 2259 quod
1370 2207 1468 2242 ante
1485 2213 1571 2241 non
1589 2193 1703 2240 fece-

327 2274 407 2310 rat.
440 2264 537 2309 Jam
574 2265 686 2310 enim
721 2276 834 2310 sexto
869 2265 938 2310 die
963 2266 1122 2311 fecerat
1146 2267 1368 2311 hominem
1392 2267 1444 2312 ad
1472 2266 1703 2325 imaginem

330 2350 469 2391 suam,
497 2334 615 2398 quod
639 2336 788 2398 utique
806 2336 1042 2383 secundum
1070 2338 1255 2382 animam
1281 2337 1535 2382 rationalem
1558 2335 1705 2381 fecisse

326 2403 594 2464 intelligitur.
620 2405 717 2450 Hoc
738 2417 779 2450 et
799 2423 915 2451 nunc
935 2406 1065 2461 facit,
1094 2424 1181 2452 non
1197 2407 1463 2452 instituendo
1481 2405 1600 2469 quod
1616 2422 1702 2450 non

328 2483 441 2528 erat,
470 2473 543 2519 sed
565 2474 900 2538 multiplicando
921 2476 1039 2539 quod
1067 2487 1170 2522 erat.
1204 2477 1328 2522 [nde
1354 2489 1394 2522 et
1422 2476 1531 2521 illud
1553 2491 1701 2520 verum

329 2553 417 2598 est,
439 2543 559 2605 quod
581 2561 603 2589 a
631 2545 759 2590 rebus
779 2583 789 2599 ‚
817 2562 916 2609 quae
944 2563 1031 2591 non
1061 2557 1210 2602 erant,
1232 2546 1506 2592 instituendis
1530 2545 1703 2607 requie-

328 2613 404 2660 vit.
433 2614 487 2659 Et
505 2613 590 2660 hoc
610 2631 757 2661 verum
778 2627 858 2672 est,
883 2616 1005 2679 quod
1026 2634 1112 2662 non
1137 2617 1274 2663 solum
1297 2614 1580 2677 gubernando
1601 2630 1702 2677 quae
