1799 3251
537 290 750 324 Emsrom
786 292 882 324 exn.
1352 277 1413 326 63

41 356 296 406 hominibus
316 355 612 420 ¹jumentisque
630 373 907 404 communem
926 376 937 410 ς
964 355 1066 420 quia
1084 366 1126 402 et
1147 356 1245 420 ipsa
1261 375 1309 405 ex
1331 360 1415 405 mi·-

43 428 278 476 sericordia
302 428 383 474 Dei
399 438 460 474 est
479 465 489 483 ‚
516 438 559 473 et
580 428 689 474 dicit
706 465 715 480 ,
743 427 987 474 «Homines
1006 438 1047 473 et
1065 431 1262 487 jumenta
1280 429 1419 476 salvos

45 521 66 542 ›>
86 499 234 556 facies,
256 499 466 555 Domine,
493 499 605 545 sicut
628 498 922 562 multiplicata
947 509 1008 544 est
1035 499 1329 544 misericordia
1345 510 1419 545 tua

45 591 66 612 »
89 571 204 616 Deus
219 570 254 618 1.
295 591 315 612 »
360 570 417 615 Ut
442 569 548 615 hinc
582 569 872 629 intelligamus
910 569 1038 614 etiam
1074 568 1193 614 illam
1239 569 1419 615 salutem

43 641 350 705 sempiternam
383 651 424 686 et
446 640 736 687 immortalem
758 679 770 697 ‚
800 641 853 687 de
888 657 973 704 qua
1011 639 1117 685 dicit
1154 641 1414 703 Apostolus,

44 733 66 754 »
88 711 174 774 Spe
198 711 313 757 enim
337 710 442 756 salvi
467 710 569 756 facti
592 712 791 767 sumus2‚
815 733 834 753 >³
863 709 1061 756 similiter
1083 720 1130 755 ut
1154 710 1296 767 istam,
1320 728 1419 774 quae

44 782 300 829 hominibus
326 782 622 846 jumentisque
652 782 896 829 communis
928 792 988 827 est
1006 819 1016 834 ,
1044 782 1174 842 gratis
1198 800 1275 829 nos
1300 783 1419 829 acci-

45 869 162 916 pere,
178 870 265 899 non
279 870 328 899 ex
345 853 568 915 operibus,
588 870 641 898 ne
656 853 766 899 forte
784 854 880 917 quis
895 852 1122 898 extollatur
1141 874 1152 907 3
1173 853 1277 917 quia
1288 871 1420 917 opera

45 923 161 970 bona
183 940 231 969 ex
254 923 390 987 ipsius
409 923 720 982 justificatione
743 941 989 987 operamur.
1025 924 1167 987 Ipsius
1198 925 1313 970 enim
1346 942 1421 972 su-

46 1010 142 1039 mus
160 993 414 1054 figmentum
428 993 590 1049 ‚creati
610 995 654 1039 in
671 993 846 1040 Christo
865 1000 963 1041 Jesu
982 994 1026 1039 in
1046 995 1253 1058 operibus
1272 996 1417 1053 bonis,

47 1080 147 1128 quae
171 1063 440 1128 praeparavit
471 1065 586 1110 Deus
618 1075 664 1110 ut
694 1064 739 1110 in
772 1064 855 1111 illis
889 1064 1205 1112 ambulemus?
1251 1066 1306 1111 Et
1346 1066 1420 1112 illa

48 1134 160 1181 salus
183 1151 282 1195 ergo
311 1134 497 1195 gratuita
521 1145 582 1181 est
604 1171 614 1190 ‚
649 1134 704 1180 dc
728 1152 816 1199 qua
845 1135 891 1181 in
916 1135 998 1180 alio
1021 1135 1196 1182 Psalmo
1222 1136 1386 1183 dicitur
1407 1175 1418 1194 ‚

48 1226 69 1246 α
93 1205 271 1250 Domini
302 1215 364 1251 est
400 1203 539 1262 salus,
571 1215 613 1250 et
639 1221 769 1269 super
799 1205 1017 1270 populum
1048 1217 1175 1253 tuum
1209 1207 1421 1254 benedic-

49 1296 70 1318 »
98 1275 158 1321 tio
184 1274 297 1322 tual‘.
325 1298 346 1318 »

114 1346 297 1393 LXXII.
321 1346 446 1392 Sicut
468 1363 566 1406 ergo
586 1346 705 1409 quod
728 1346 902 1406 legitur,
926 1369 946 1389 «
971 1348 1147 1394 Domini
1170 1359 1230 1394 est
1253 1349 1384 1407 salus,
1404 1371 1424 1392 »

50 1433 139 1462 non
156 1433 205 1462 ea
221 1415 335 1462 salus
352 1415 627 1476 intelligitur,
648 1434 734 1480 qua
759 1417 971 1464 Dominus
990 1419 1128 1465 salvus
1145 1430 1226 1478 θεῖς
1247 1420 1318 1466 sed
1336 1437 1424 1484 qua

51 1487 99 1533 hi
123 1486 229 1533 salvi
247 1497 375 1544 sunt,
395 1503 504 1551 quos
526 1487 618 1550 ipse
641 1487 781 1534 salvos
796 1487 900 1534 facit
922 1507 932 1534 z
957 1489 1017 1535 sic
1042 1507 1141 1536 cum
1169 1490 1327 1551 legitur
1348 1491 1424 1538 Dei

46 1558 237 1618 J'ustitia,
265 1557 311 1603 in
335 1575 384 1603 eo
410 1556 530 1620 quod
557 1558 771 1621 scriptum
797 1569 882 1615 est,
912 1561 1202 1619 «Ignorantes
1226 1563 1306 1608 Dei
1325 1566 1424 1623 jus-

54 1651 74 1670 »
95 1627 258 1686 titiam,
296 1638 337 1674 et
368 1644 486 1674 suam
518 1627 710 1674 volentes
743 1630 1067 1685 constituere53
1093 1653 1111 1673 »
1144 1649 1233 1677 non
1265 1644 1326 1679 est
1350 1633 1427 1679 illa

52 1699 349 1760 intelligenda,
374 1717 461 1764 qua
484 1700 600 1746 Deus
617 1704 758 1760 justus
778 1712 864 1755 est;
886 1701 958 1747 sed
980 1719 1065 1765 qua
1085 1704 1191 1762 justi
1209 1715 1310 1750 sunt
1338 1705 1424 1751 lio-

54 1771 212 1827 mines,
235 1787 343 1834 quos
367 1770 501 1830 gratia
523 1787 599 1816 sua
617 1772 842 1830 justificat.
869 1771 976 1817 Inde
1000 1773 1115 1818 enim
1141 1774 1247 1820 salvi
1269 1812 1280 1831 ,
1310 1775 1426 1822 unde

51 1841 177 1901 justi3
201 1840 408 1905 quoniam
431 1839 551 1903 quod
576 1840 661 1898 ait,
688 1863 708 1884 «
732 1841 830 1886 Non
852 1851 915 1886 est
936 1858 1045 1905 opus
1068 1843 1181 1889 sanis
1201 1844 1394 1890 medicus
1409 1882 1420 1901 ‚

57 1936 77 1956 »
101 1913 173 1960 sed
198 1913 308 1960 male
331 1913 650 1970 habe11tibus⁶‚
679 1935 698 1956 >³
732 1914 927 1978 exposuit
953 1915 999 1960 in
1026 1918 1392 1980 consequentibus
1413 1956 1424 1975 ,

57 1984 203 2031 dicens
224 2023 236 2043 ‚
262 2009 281 2029 «
300 1985 400 2030 Non
423 1986 520 2030 veni
543 2000 699 2031 vocare
720 1988 858 2045 justos
876 2021 886 2034 ,
917 1984 991 2031 sed
1015 1997 1309 2048 peccatores.»
1330 1989 1429 2035 Non

57 2057 187 2117 igitur
207 2054 445 2102 secundum
470 2073 602 2119 opera
632 2056 815 2116 justitiae
835 2092 847 2112 ‚
873 2072 972 2119 quae
1011 2073 1088 2101 nos
1113 2056 1318 2115 fecinmS‚
1355 2059 1429 2107 secl

58 2127 297 2174 secundum
318 2143 437 2172 suam
462 2125 802 2171 misericordiam
834 2126 972 2171 salvos
995 2143 1070 2171 nos
1089 2126 1192 2173 fecit
1211 2146 1289 2192 per
1306 2130 1427 2177 lava-

60 2215 183 2245 crum
213 2196 594 2257 regenerationis⁷.
627 2197 678 2241 In
711 2213 798 2259 qua
831 2197 966 2256 gratia
998 2214 1074 2260 spe
1095 2198 1202 2244 salvi
1226 2200 1327 2246 iacti
1352 2217 1429 2247 su-

62 2287 155 2316 mus
173 2269 207 2315 8.
238 2267 364 2313 Unde
393 2267 440 2313 in
470 2267 545 2313 illo
578 2267 749 2312 Psalmo
777 2267 1056 2326 subjungitur
1074 2305 1085 2324 ‚
1113 2289 1133 2309 «
1156 2270 1254 2316 Filii
1286 2282 1432 2317 autem

63 2364 84 2384 »
103 2339 335 2386 hominum
357 2338 438 2383 sub
458 2337 644 2397 tegmine
663 2336 825 2383 alarum
853 2348 1026 2383 tuarum
1045 2340 1297 2401 sperabunt.
1329 2343 1431 2388 Ine-

63 2434 83 2454 »
102 2410 370 2457 briabuntur
393 2408 447 2453 ab
472 2408 672 2453 ubertate
695 2407 851 2453 domus
879 2418 966 2454 tuae
982 2445 992 2463 ‚
1016 2418 1056 2453 et
1074 2419 1260 2456 torrente
1277 2412 1433 2476 volup-

65 2505 86 2526 »
105 2482 202 2528 tatis
218 2492 303 2527 tuae
321 2478 496 2543 potabis
513 2495 583 2524 eos
606 2496 616 2523 ι
644 2479 852 2541 quoniam
884 2478 1002 2542 apud
1030 2490 1069 2525 te
1089 2490 1152 2526 est
1178 2481 1274 2528 fons
1293 2483 1396 2530 vitae
1416 2520 1429 2542 ,

113 2578 124 2600 ¹
146 2577 227 2609 Psal.
246 2587 345 2614 xxxv,
365 2587 396 2615 7.
411 2573 485 2598 —2
501 2578 594 2607 Rom.
613 2586 682 2614 vui,
697 2582 752 2613 24.
768 2594 809 2600 —-
830 2573 844 2598 3
869 2575 984 2618 Ephes.
1000 2587 1037 2619 n,
1056 2587 1106 2609 10.
1126 2595 1170 2602 —
1190 2575 1204 2599 ⁴
1221 2580 1302 2613 Psal.
1318 2591 1378 2615 ιιι,
1396 2592 1432 2622 9.

65 2651 111 2659 -
129 2632 142 2657 ⁵
157 2637 249 2666 Rom.
263 2643 298 2677 x,
321 2633 352 2665 3.
366 2648 412 2656 —-
428 2628 444 2653 ⁶
459 2631 577 2665 Mauh.
598 2640 643 2672 lx,
661 2643 716 2664 12.
734 2650 778 2657 -
793 2630 807 2654 ⁷
833 2643 844 2664 ι
868 2632 951 2665 Tim.
965 2643 1018 2673 111,
1035 2635 1068 2666 5.
1085 2629 1159 2658 -8
1179 2636 1271 2668 Rom.
1287 2644 1357 2675 vui,
1377 2641 1434 2673 24.
