1799 3251
572 309 781 342 Epls'roLA
816 311 1001 343 ctxxxv.
1393 301 1487 363 469

109 385 150 420 et
165 374 301 420 sciant
319 390 451 438 quam
479 375 686 421 veraciter
706 375 760 421 ad
798 393 868 422 eos
891 377 1047 423 clamet
1070 387 1207 423 mater
1232 377 1482 433 Catholica‚

107 444 227 508 quod
261 445 415 490 scribit
455 445 606 491 beatus
647 446 880 508 Apostolus
915 446 970 492 ad
1011 447 1290 493 Corinthios:
1336 468 1356 488 «
1383 448 1481 493 Non

110 536 130 557 >2
149 532 297 578 quaero
311 532 410 579 quae
433 526 533 562 sunt
551 526 706 571 vestra,
734 516 808 562 sed
829 534 902 562 vos
917 517 952 564 ¹.
982 539 1002 559 η

171 586 397 631 XXXVII.
430 586 477 631 Si
511 596 656 632 autem
680 586 1001 633 consideremus
1021 586 1143 652 quod
1167 587 1336 634 dictum
1359 597 1422 633 est
1443 588 1490 633 in

107 655 222 701 libro
237 655 495 719 Sapientiae:
515 679 534 699 «
547 657 650 702 Ideo
659 657 768 716 justi
784 657 976 703 tulerunt
989 657 1126 720 spolia
1144 657 1409 720 impiorum²
1435 675 1445 702 :
1468 679 1487 699 ›>

112 727 222 771 Item
243 727 360 789 quod
379 727 590 787 legiturin
607 728 853 773 Proverbiis
872 745 883 773 ε
907 749 926 769 ε(
945 728 1315 773 Thesaurizantur
1339 738 1483 773 autem

109 817 130 837 2>
147 797 276 856 J'ustis
314 797 835 862 dix·itiaeimpiorun1³;»
870 808 974 844 tunc
1002 797 1249 844 videbimus
1280 815 1369 843 non
1402 815 1487 843 esse

108 867 393 930 quaerendum
417 906 427 925 ‚
456 870 533 932 qui
557 869 751 914 habeant
769 886 835 914 res
858 868 1170 914 haereticorum
1187 906 1196 924 ‚
1216 868 1289 914 sed
1309 868 1387 931 qui
1407 868 1492 913 sint

109 939 155 983 in
185 938 388 984 societate
416 942 652 998 Justorum.
682 940 854 985 Scimus
882 939 1060 1002 quidem
1084 939 1182 985 illos
1210 949 1375 984 tantam
1399 938 1483 983 sibi

109 1025 308 1068 arrogare
323 1009 538 1069 justitiam
552 1047 562 1065 ‚
590 1020 639 1055 ut
657 1027 749 1055 eam
769 1027 811 1055 se
825 1013 994 1069 jactent
1013 1027 1101 1055 non
1127 1009 1268 1055 solum
1289 1008 1452 1054 habere
1473 1045 1484 1060 ,

108 1078 181 1124 sed
199 1081 325 1125 etiam
355 1080 445 1126 aliis
464 1081 718 1126 hominibus
745 1081 863 1126 dare.
891 1082 925 1126 A
945 1098 987 1126 se
1006 1081 1172 1144 quippe
1182 1078 1489 1157 Udicuntjusti-

108 1149 231 1195 ficari
255 1167 381 1206 eum,
412 1168 541 1214 quem
566 1151 771 1213 baptizav
775 1151 909 1203 erint3
930 1151 1005 1196 ubi
1026 1150 1138 1195 nihil
1156 1149 1214 1195 eis
1234 1158 1385 1203 restat,
1407 1148 1490 1193 nisi

109 1217 251 1264 dicere
267 1219 329 1264 illi
342 1237 419 1283 qul
440 1220 693 1297 baptizatur
718 1220 772 1265 ab
793 1220 878 1275 eis,
902 1230 947 1265 ut
965 1220 1010 1264 in
1031 1219 1344 1281 baptizatorem
1363 1233 1490 1262 suum

112 1288 275 1335 credat.
312 1290 403 1335 Cur
426 1290 539 1335 enim
576 1307 664 1335 non
687 1289 841 1346 iaciat,
879 1289 1056 1352 quando
1084 1288 1318 1352 Apostolus
1346 1287 1489 1332 dicit:

111 1380 131 1400 «
161 1359 402 1405 Credenti
391 1378 434 1405 in
457 1377 553 1406 eum
572 1360 900 1423 quijustificat
889 1360 1105 1422 impium,
1126 1359 1365 1421 deputatur
1387 1355 1493 1401 fides

112 1452 130 1471 n
156 1434 245 1490 ejus
263 1430 317 1476 ad
335 1431 611 1490 justitiam&
630 1453 651 1473 ›>
675 1433 726 1476 In
749 1432 895 1494 ipsum
915 1447 1016 1490 ergo
1038 1429 1212 1484 credat,
1237 1429 1270 1474 si
1291 1428 1495 1490 eumipse

104 1499 318 1559 justificat
336 1537 346 1556 ,
379 1511 427 1546 ut
446 1500 682 1564 deputetur
703 1500 808 1546 fides
827 1504 917 1559 ejus
942 1499 1239 1559 adjustitiam.
1271 1496 1356 1543 Sed
1383 1506 1493 1560 puto

109 1569 230 1632 quod
254 1572 381 1616 etiam
406 1572 489 1635 ipsi
510 1589 552 1617 se
578 1572 692 1634 ipsos
715 1571 941 1624 horreant,
968 1571 1002 1615 si
1023 1580 1168 1615 tamen
1191 1569 1272 1615 ista
1291 1567 1360 1613 vel
1374 1567 1494 1626 cogi-

110 1650 201 1685 tare
234 1639 487 1701 dignantur.
515 1643 665 1688 Justus
689 1641 811 1687 enim
838 1651 879 1686 et
897 1640 1144 1700 justificans
1176 1655 1264 1684 non
1297 1648 1387 1692 est,
1419 1637 1499 1681 nisi

111 1712 240 1758 Deus,
265 1713 414 1758 Potest
438 1723 582 1759 autem
607 1723 649 1758 et
675 1711 728 1758 de
751 1712 841 1757 istis
867 1711 957 1757 dici
977 1709 1096 1774 quod
1130 1709 1238 1755 dicit
1258 1707 1493 1772 Apostolus

110 1781 164 1828 de
189 1781 354 1828 Judaeis
375 1801 384 1829 :
409 1805 427 1823 <a
451 1784 566 1841 Quia
582 1783 830 1843 ignorantes
853 1782 932 1827 Dei
948 1780 1189 1842 J'ustitiam‚
1207 1789 1249 1825 et
1272 1795 1394 1824 suam
1412 1794 1493 1823 vo-

111 1873 132 1893 »
157 1852 289 1897 lentes
309 1854 591 1909 constituere,
608 1852 793 1913 justitiae
813 1852 892 1898 Dei
913 1869 1000 1897 non
1025 1860 1126 1896 sunt
1144 1848 1331 1909 subJecti
1357 1848 1389 1895 5.
1421 1870 1441 1890 >2

176 1921 428 1970 XXXVIII.
460 1923 588 1969 Absit
620 1933 763 1968 autem
789 1932 837 1967 ut
865 1922 1097 1985 quisquam
1131 1929 1329 1965 nostrum
1361 1919 1420 1963 ita
1451 1934 1492 1963 se

105 1995 274 2052 Justum
294 1992 435 2050 dicat,
457 2005 507 2039 ut
531 2004 606 2039 aut
632 2010 751 2038 suam
766 1992 981 2052 justitiam
1003 1990 1106 2037 velit
1123 1989 1383 2036 constituere
1403 2025 1413 2044 ‚
1441 1988 1488 2034 id

112 2073 173 2108 est
189 2064 343 2126 ‚quasi
364 2082 386 2109 a
410 2064 563 2128 seipso
596 2064 680 2110 sibi
703 2063 873 2118 datam,
900 2079 1002 2108 cum
1025 2060 1200 2107 dicatur
1223 2060 1260 2105 ei
1289 2077 1299 2104 :
1325 2080 1345 2100 c<
1368 2058 1489 2115 Quid

112 2154 134 2174 ³>
157 2134 272 2178 enim
290 2133 456 2190 babes,
478 2134 598 2198 quod
616 2151 703 2180 non
725 2099 994 2211 accepistiss?
1015 2154 1034 2173 ›>
1057 2142 1132 2176 aut
1146 2130 1234 2176 sine
1255 2139 1437 2193 peccato
1459 2146 1500 2173 se

112 2220 198 2249 esse
218 2207 385 2264 jactare
410 2204 597 2251 audeat
588 2223 632 2249 in
653 2204 738 2249 hac
760 2221 784 2248 v
791 2203 872 2258 ita,
897 2203 1010 2248 sicut
1027 2201 1110 2264 ipsi
1129 2200 1175 2246 in
1198 2209 1344 2245 nostra
1368 2197 1498 2244 colla-

113 2273 230 2319 tione
246 2273 477 2320 dixerunt
467 2292 510 2320 ln
533 2292 580 2320 ea
599 2292 640 2319 se
657 2291 743 2319 esse
772 2240 985 2323 Ecclesia,
1014 2288 1115 2334 quae
1122 2287 1157 2330 J
1147 2287 1213 2315 im
1236 2285 1324 2314 non
1353 2268 1490 2314 habet

112 2345 348 2401 maculam,
373 2355 445 2391 aut
462 2362 631 2407 rugam,
646 2356 719 2391 aut
738 2343 905 2408 aliquid
927 2339 1214 2402 hujusmodi⁷
1230 2357 1241 2385 ε
1259 2338 1492 2385 nescientes

114 2413 201 2460 hoc
225 2415 357 2460 modo
381 2415 427 2460 in
449 2416 506 2461 eis
522 2415 755 2478 compleri,
780 2414 857 2478 qui
875 2412 942 2459 vel
968 2422 1066 2476 post
1088 2410 1360 2474 baptismum
1385 2426 1496 2455 con-

114 2484 262 2541 tinuo,
292 2486 360 2532 vel
388 2486 573 2532 dimissis
596 2486 754 2532 debitis
771 2522 782 2541 ,
808 2500 908 2547 quae
944 2480 1206 2528 dimittenda
1236 2480 1281 2525 in
1302 2479 1496 2524 oratione

163 2583 173 2606 ¹
198 2596 214 2615 2
242 2586 316 2617 Cor.
345 2597 406 2628 xit,
431 2592 484 2623 14.
503 2584 579 2610 ...2
597 2589 673 2630 Sap.
704 2597 736 2628 x,
769 2596 820 2626 19.
846 2601 891 2607 —
909 2580 923 2606 3
954 2585 1050 2615 Prov.
1070 2592 1144 2619 xm,
1165 2591 1220 2619 22,
1246 2580 1337 2619 juxta
1354 2589 1431 2613 ux.
1454 2596 1498 2603 —

117 2635 131 2660 ⁴
146 2640 237 2671 Rom.
257 2651 300 2676 lv.
326 2643 354 2672 5.
371 2639 441 2665 —5
458 2641 505 2675 1d.
524 2653 554 2678 x.
574 2644 602 2672 3.
626 2660 665 2665 -—
688 2639 701 2662 ⁶
728 2652 738 2672 1
757 2642 831 2672 Cor.
850 2650 890 2677 iv,
911 2650 941 2678 7.
961 2656 1003 2663 -
1022 2636 1036 2660 '¹
1052 2637 1172 2681 Ephes,
1191 2647 1221 2674 v,
1243 2646 1300 2674 27.
