1799 3251
573 241 780 278 EPISTOLA
814 245 974 286 CXLVII.
1381 261 1466 316 109

98 316 196 350 nem
230 305 544 367 diligentiorem
576 309 750 368 distuli,
791 325 937 362 utrum
964 320 1029 366 vel
1058 321 1280 384 quomodo
1315 329 1457 382 Deus.

96 375 173 438 qui
193 377 366 440 spiritus
379 389 456 431 est.
482 380 608 426 etiam
635 399 713 445 per
735 400 894 448 corpus
922 389 1004 436 tale
1023 392 1221 441 videatur
1245 415 1255 442 :
1277 399 1347 445 sed
1365 418 1458 447 eam

94 457 242 508 postea
271 449 553 511 quaestionem
592 469 691 498 sane
714 453 1013 506 difficillimam
1047 463 1088 508 in
1121 467 1377 525 novissimo,
1411 471 1457 516 id

94 517 222 562 estin
259 519 462 565 vicesimo
487 531 527 566 et
562 523 750 568 secundo
777 524 891 572 libro
920 528 973 575 de
1007 531 1193 580 Civitate
1214 535 1322 593 Dei,
1355 539 1456 584 satis

93 598 306 649 quantum
343 590 531 637 arbitror
569 593 793 656 explicavi.
839 598 988 645 Inveni
1029 602 1157 649 etiam
1188 605 1231 650 in
1264 608 1454 670 quodam

90 667 237 702 nostro
256 658 431 718 codice,
456 662 598 726 inquo
617 674 657 708 et
678 664 754 710 iste
778 665 888 713 liber
905 680 982 723 est,
1004 672 1225 734 quoddam
1250 677 1453 724 Commo-

89 727 296 775 nitorium
317 748 340 776 a
370 749 437 777 me
466 732 630 779 factum
656 734 708 779 de
736 735 820 782 hac
844 755 888 783 re
915 740 970 785 acl
993 743 1251 807 episcopum
1274 747 1453 793 Siccen-

87 812 175 842 sem
200 802 559 848 Fortunatianum
581 841 591 858 ‚
621 804 740 867 quocl
767 806 811 851 in
839 811 1149 871 opusculorum
1176 833 1366 862 meorum
1384 819 1455 864 in-

87 865 259 924 diculo,
282 888 360 916 nec
385 872 498 918 inter
517 873 669 931 libros,
699 893 777 922 nec
798 877 911 924 inter
933 882 1146 944 Epistolas
1160 897 1445 936 estnotatum.

85 937 168 984 Hie
186 939 297 986 liber
315 943 375 989 sic
394 943 551 1008 incipit
570 983 580 996 .
605 947 654 993 M
661 964 792 993 emor
819 951 973 999 debiti.
1001 953 1115 1001 Illud
1142 967 1300 1012 autem,
1325 962 1454 1005 Sicut

75 1027 290 1072 praesens
314 1019 484 1077 rogavi.

400 1258 488 1302 DE
545 1259 911 1309 VIDENDO
971 1264 1126 1311 ΠΕΟ

660 1375 859 1414 LIBER

730 1486 786 1507 seu

485 1579 750 1623 EPISTOLA
785 1581 972 1624 CXLVII
991 1582 1022 1624 ².

419 1679 662 1718 Aucusrrxus
681 1680 868 1718 Pin-mm
895 1680 1077 1720 salutem.

193 1788 324 1829 Docet
349 1788 484 1830 Deum
507 1789 720 1845 corporeis
737 1790 872 1831 oeulis
893 1791 1039 1832 videri
1059 1807 1146 1832 non
1163 1807 1297 1849 posse.

132 1911 165 1957 I.
199 1912 366 1958 Mfflon
388 1909 656 1972 debitiquod
675 1926 720 1954 ex
745 1919 814 1955 tua
832 1909 1059 1972 petitione,
1077 1921 1118 1956 et
1142 1929 1232 1958 mea
1252 1913 1433 1975 promis-

63 1983 179 2028 sione
199 1982 361 2028 factum
387 1991 472 2036 est,
508 1980 704 2040 religiosa
732 1980 897 2026 famula
931 1982 1008 2026 Dei
1039 1981 1224 2027 Paulina
1243 2021 1254 2039 ,
1279 2001 1431 2046 perso-

62 2053 236 2099 lutionis
255 2069 428 2117 quoque
449 2054 540 2111 ejus
566 2051 782 2111 negligens
805 2069 890 2097 esse
911 2069 998 2097 non
1016 2052 1165 2100 debui.
1191 2059 1302 2100 Cum
1317 2056 1432 2100 enim

62 2124 278 2187 petivisses
298 2134 346 2169 ut
371 2123 423 2168 de
450 2121 656 2167 invisibili
689 2123 801 2174 Deo,
828 2133 977 2168 utrum
997 2140 1071 2183 per
1100 2123 1248 2169 oculos
1268 2141 1431 2187 corpo-

60 2212 153 2241 reos
172 2195 306 2259 possit
332 2194 468 2239 videri
487 2230 497 2248 ,
524 2192 687 2256 prolixe
712 2193 877 2255 aliquid
903 2195 1162 2257 copioseque
1185 2194 1237 2240 acl
1266 2206 1305 2240 te
1325 2196 1428 2240 scri-

59 2266 233 2319 berem,
272 2281 427 2323 negare
450 2280 534 2308 non
569 2263 724 2325 potui,
764 2281 815 2308 ne
842 2274 1039 2308 sanctum
1079 2275 1200 2310 tuum
1236 2265 1429 2310 studium

57 2333 337 2389 offenderem3
374 2332 445 2378 sed
482 2332 741 2395 promissum
768 2332 952 2381 distuli.
990 2333 1077 2378 sive
1117 2345 1298 2397 propter
1327 2334 1430 2379 alias

57 2403 367 2468 occupationes
388 2419 502 2448 meas
521 2439 532 2458 ,
559 2404 646 2447 sive
661 2402 780 2466 quod
803 2421 825 2448 a
847 2420 912 2448 me
932 2402 976 2447 id
1002 2403 1287 2463 flagitaretur,
1314 2404 1431 2450 unde

105 2514 114 2535 ¹
134 2513 295 2545 Ind1c111us
314 2510 540 2554 opusculorum
559 2513 591 2543 S.
617 2514 806 2550 August.——-
822 2508 836 2532 ²
857 2511 943 2542 Alias
963 2521 1042 2541 extr.
1063 2522 1133 2551 quae
1149 2517 1252 2543 autem
1275 2518 1332 2552 ¹47
1353 2518 1433 2554 erat,

56 2581 140 2603 nuuc
158 2572 214 2603 33.
231 2585 275 2592 —
293 2566 416 2610 Scripta
436 2566 562 2597 videtur
582 2576 631 2596 au.
653 2574 668 2602 4
683 2568 733 2599 13,
