<?xml version="1.0" encoding="UTF-8"?>
<!DOCTYPE html PUBLIC "-//W3C//DTD XHTML 1.0 Transitional//EN"
    "http://www.w3.org/TR/xhtml1/DTD/xhtml1-transitional.dtd">
<html xmlns="http://www.w3.org/1999/xhtml" xml:lang="en" lang="en">
 <head>
  <title>
</title>
<meta http-equiv="Content-Type" content="text/html;charset=utf-8" />
  <meta name='ocr-system' content='tesseract 3.04.00' />
  <meta name='ocr-capabilities' content='ocr_page ocr_carea ocr_par ocr_line ocrx_word'/>
</head>
<body>
  <div class='ocr_page' id='page_1' title='image "./operaomniaaccura40auguuoft/operaomniaaccura40auguuoft_0027.png"; bbox 0 0 1799 3251; ppageno 0'>
   <div class='ocr_carea' id='block_1_1' title="bbox 532 287 1385 341">
    <p class='ocr_par' dir='ltr' id='par_1_1' title="bbox 532 287 1385 341">
     <span class='ocr_line' id='line_1_1' title="bbox 532 287 1385 341; baseline 0.006 -23"><span class='ocrx_word' id='word_1_1' title='bbox 532 287 743 319; x_wconf 73' lang='lat' dir='ltr'><strong>EPISTOLA</strong></span> <span class='ocrx_word' id='word_1_2' title='bbox 778 288 872 319; x_wconf 74' lang='lat' dir='ltr'><strong>CXL.</strong></span> <span class='ocrx_word' id='word_1_3' title='bbox 1335 293 1385 341; x_wconf 81' lang='grc'>17</span> 
     </span>
    </p>
   </div>
   <div class='ocr_carea' id='block_1_2' title="bbox 18 352 1403 2615">
    <p class='ocr_par' dir='ltr' id='par_1_2' title="bbox 18 352 1390 487">
     <span class='ocr_line' id='line_1_2' title="bbox 20 352 1390 417; baseline 0.002 -16"><span class='ocrx_word' id='word_1_4' title='bbox 20 365 69 401; x_wconf 91' lang='lat' dir='ltr'>ut</span> <span class='ocrx_word' id='word_1_5' title='bbox 107 352 395 414; x_wconf 78' lang='lat' dir='ltr'>intelligamus</span> <span class='ocrx_word' id='word_1_6' title='bbox 424 353 556 414; x_wconf 85' lang='lat' dir='ltr'>hujus</span> <span class='ocrx_word' id='word_1_7' title='bbox 583 370 776 417; x_wconf 84' lang='lat' dir='ltr'>personae</span> <span class='ocrx_word' id='word_1_8' title='bbox 805 352 1166 413; x_wconf 80' lang='lat' dir='ltr'>singularitatem,</span> <span class='ocrx_word' id='word_1_9' title='bbox 1218 373 1301 402; x_wconf 90' lang='lat' dir='ltr'>non</span> <span class='ocrx_word' id='word_1_10' title='bbox 1340 368 1390 404; x_wconf 89' lang='lat' dir='ltr'>ut</span> 
     </span>
     <span class='ocr_line' id='line_1_3' title="bbox 18 422 1073 487; baseline 0 -17"><span class='ocrx_word' id='word_1_11' title='bbox 18 425 285 487; x_wconf 87' lang='lat' dir='ltr'>suspicemur</span> <span class='ocrx_word' id='word_1_12' title='bbox 303 424 346 468; x_wconf 93' lang='lat' dir='ltr'>in</span> <span class='ocrx_word' id='word_1_13' title='bbox 365 440 536 469; x_wconf 89' lang='lat' dir='ltr'>carnem</span> <span class='ocrx_word' id='word_1_14' title='bbox 561 433 769 469; x_wconf 86' lang='lat' dir='ltr'>mutatam</span> <span class='ocrx_word' id='word_1_15' title='bbox 789 422 1073 470; x_wconf 85' lang='lat' dir='ltr'>divinitatem.</span> 
     </span>
    </p>

    <p class='ocr_par' dir='ltr' id='par_1_3' title="bbox 19 493 1403 2469">
     <span class='ocr_line' id='line_1_4' title="bbox 83 493 1390 557; baseline 0.002 -16"><span class='ocrx_word' id='word_1_16' title='bbox 83 496 209 541; x_wconf 85' lang='lat' dir='ltr'>XIII.</span> <span class='ocrx_word' id='word_1_17' title='bbox 251 495 400 557; x_wconf 87' lang='lat' dir='ltr'>ltaque</span> <span class='ocrx_word' id='word_1_18' title='bbox 426 493 625 539; x_wconf 86' lang='lat' dir='ltr'>Christus</span> <span class='ocrx_word' id='word_1_19' title='bbox 650 493 785 538; x_wconf 85' lang='lat' dir='ltr'>homo</span> <span class='ocrx_word' id='word_1_20' title='bbox 801 530 812 549; x_wconf 95' lang='lat'>,</span> <span class='ocrx_word' id='word_1_21' title='bbox 844 503 892 539; x_wconf 89' lang='lat' dir='ltr'>ut</span> <span class='ocrx_word' id='word_1_22' title='bbox 913 511 991 557; x_wconf 89' lang='lat' dir='ltr'>per</span> <span class='ocrx_word' id='word_1_23' title='bbox 1010 511 1106 540; x_wconf 91' lang='lat' dir='ltr'>eum</span> <span class='ocrx_word' id='word_1_24' title='bbox 1131 494 1390 543; x_wconf 81' lang='lat' dir='ltr'>revelaretur</span> 
     </span>
     <span class='ocr_line' id='line_1_5' title="bbox 19 564 1389 628; baseline 0.002 -18"><span class='ocrx_word' id='word_1_25' title='bbox 19 564 132 611; x_wconf 90' lang='lat' dir='ltr'>Novi</span> <span class='ocrx_word' id='word_1_26' title='bbox 152 565 286 625; x_wconf 84' lang='lat' dir='ltr'>gratia</span> <span class='ocrx_word' id='word_1_27' title='bbox 309 565 589 620; x_wconf 83' lang='lat' dir='ltr'>Testamenti,</span> <span class='ocrx_word' id='word_1_28' title='bbox 615 581 713 627; x_wconf 82' lang='lat' dir='ltr'>quae</span> <span class='ocrx_word' id='word_1_29' title='bbox 732 581 820 609; x_wconf 90' lang='lat' dir='ltr'>non</span> <span class='ocrx_word' id='word_1_30' title='bbox 846 564 900 609; x_wconf 86' lang='lat' dir='ltr'>ad</span> <span class='ocrx_word' id='word_1_31' title='bbox 926 565 1222 628; x_wconf 76' lang='lat' dir='ltr'>temporalem,</span> <span class='ocrx_word' id='word_1_32' title='bbox 1242 566 1315 612; x_wconf 90' lang='lat' dir='ltr'>sed</span> <span class='ocrx_word' id='word_1_33' title='bbox 1334 567 1389 613; x_wconf 88' lang='lat' dir='ltr'>ad</span> 
     </span>
     <span class='ocr_line' id='line_1_6' title="bbox 21 635 1391 698; baseline 0.001 -17"><span class='ocrx_word' id='word_1_34' title='bbox 21 645 225 681; x_wconf 85' lang='lat' dir='ltr'>aeternam</span> <span class='ocrx_word' id='word_1_35' title='bbox 252 635 383 681; x_wconf 76' lang='lat' dir='ltr'>vitam</span> <span class='ocrx_word' id='word_1_36' title='bbox 412 636 628 698; x_wconf 74' lang='lat' dir='ltr'>pertinet,</span> <span class='ocrx_word' id='word_1_37' title='bbox 671 652 755 680; x_wconf 89' lang='lat' dir='ltr'>non</span> <span class='ocrx_word' id='word_1_38' title='bbox 795 635 945 698; x_wconf 89' lang='lat' dir='ltr'>utique</span> <span class='ocrx_word' id='word_1_39' title='bbox 978 645 1145 680; x_wconf 86' lang='lat' dir='ltr'>terrena</span> <span class='ocrx_word' id='word_1_40' title='bbox 1185 635 1391 683; x_wconf 82' lang='lat' dir='ltr'>felicitate</span> 
     </span>
     <span class='ocr_line' id='line_1_7' title="bbox 20 704 1390 768; baseline 0.001 -17"><span class='ocrx_word' id='word_1_41' title='bbox 20 704 390 752; x_wconf 88' lang='lat' dir='ltr'>commendandus</span> <span class='ocrx_word' id='word_1_42' title='bbox 416 705 513 751; x_wconf 84' lang='lat' dir='ltr'>fuit.</span> <span class='ocrx_word' id='word_1_43' title='bbox 544 704 650 751; x_wconf 91' lang='lat' dir='ltr'>Inde</span> <span class='ocrx_word' id='word_1_44' title='bbox 681 704 891 764; x_wconf 63' lang='lat' dir='ltr'>subjectio</span> <span class='ocrx_word' id='word_1_45' title='bbox 909 742 921 761; x_wconf 94' lang='lat'>,</span> <span class='ocrx_word' id='word_1_46' title='bbox 957 705 1057 751; x_wconf 88' lang='lat' dir='ltr'>inde</span> <span class='ocrx_word' id='word_1_47' title='bbox 1081 708 1222 768; x_wconf 78' lang='lat' dir='ltr'>passio</span> <span class='ocrx_word' id='word_1_48' title='bbox 1243 743 1253 762; x_wconf 91' lang='lat'>,</span> <span class='ocrx_word' id='word_1_49' title='bbox 1288 707 1390 754; x_wconf 89' lang='lat' dir='ltr'>inde</span> 
     </span>
     <span class='ocr_line' id='line_1_8' title="bbox 19 775 1390 841; baseline 0.002 -19"><span class='ocrx_word' id='word_1_50' title='bbox 19 775 203 837; x_wconf 84' lang='lat' dir='ltr'>flagella,</span> <span class='ocrx_word' id='word_1_51' title='bbox 226 787 354 839; x_wconf 87' lang='lat' dir='ltr'>sputa</span> <span class='ocrx_word' id='word_1_52' title='bbox 374 813 385 832; x_wconf 89' lang='lat'>,</span> <span class='ocrx_word' id='word_1_53' title='bbox 409 776 711 831; x_wconf 83' lang='lat' dir='ltr'>contumeliae,</span> <span class='ocrx_word' id='word_1_54' title='bbox 738 792 867 831; x_wconf 59' lang='lat' dir='ltr'>cruit,</span> <span class='ocrx_word' id='word_1_55' title='bbox 889 775 1066 821; x_wconf 81' lang='lat' dir='ltr'>vulnera</span> <span class='ocrx_word' id='word_1_56' title='bbox 1087 813 1098 834; x_wconf 92' lang='lat'>,</span> <span class='ocrx_word' id='word_1_57' title='bbox 1116 787 1156 821; x_wconf 86' lang='lat' dir='ltr'>et</span> <span class='ocrx_word' id='word_1_58' title='bbox 1181 786 1390 841; x_wconf 89' lang='lat' dir='ltr'>tanquam</span> 
     </span>
     <span class='ocr_line' id='line_1_9' title="bbox 20 846 1391 911; baseline 0.001 -18"><span class='ocrx_word' id='word_1_59' title='bbox 20 858 221 910; x_wconf 87' lang='lat' dir='ltr'>superato</span> <span class='ocrx_word' id='word_1_60' title='bbox 244 848 527 911; x_wconf 85' lang='lat' dir='ltr'>subjectoque</span> <span class='ocrx_word' id='word_1_61' title='bbox 542 864 656 893; x_wconf 91' lang='lat' dir='ltr'>mors</span> <span class='ocrx_word' id='word_1_62' title='bbox 675 847 787 910; x_wconf 88' lang='lat' dir='ltr'>ipsa,</span> <span class='ocrx_word' id='word_1_63' title='bbox 816 857 863 892; x_wconf 90' lang='lat' dir='ltr'>ut</span> <span class='ocrx_word' id='word_1_64' title='bbox 890 846 1036 892; x_wconf 86' lang='lat' dir='ltr'>fideles</span> <span class='ocrx_word' id='word_1_65' title='bbox 1061 850 1152 906; x_wconf 88' lang='lat' dir='ltr'>ejus</span> <span class='ocrx_word' id='word_1_66' title='bbox 1177 847 1391 895; x_wconf 87' lang='lat' dir='ltr'>discerent</span> 
     </span>
     <span class='ocr_line' id='line_1_10' title="bbox 20 917 1386 982; baseline 0.002 -19"><span class='ocrx_word' id='word_1_67' title='bbox 20 917 147 981; x_wconf 87' lang='lat' dir='ltr'>quale</span> <span class='ocrx_word' id='word_1_68' title='bbox 168 918 339 982; x_wconf 86' lang='lat' dir='ltr'>pietatis</span> <span class='ocrx_word' id='word_1_69' title='bbox 362 918 593 982; x_wconf 81' lang='lat' dir='ltr'>praemium</span> <span class='ocrx_word' id='word_1_70' title='bbox 615 919 670 964; x_wconf 83' lang='lat' dir='ltr'>ab</span> <span class='ocrx_word' id='word_1_71' title='bbox 691 917 766 963; x_wconf 94' lang='lat' dir='ltr'>illo</span> <span class='ocrx_word' id='word_1_72' title='bbox 786 955 797 974; x_wconf 89' lang='lat'>‚</span> <span class='ocrx_word' id='word_1_73' title='bbox 826 921 949 978; x_wconf 82' lang='lat' dir='ltr'>cujus</span> <span class='ocrx_word' id='word_1_74' title='bbox 971 917 1050 963; x_wconf 83' lang='lat' dir='ltr'>filii</span> <span class='ocrx_word' id='word_1_75' title='bbox 1078 917 1182 963; x_wconf 84' lang='lat' dir='ltr'>facti</span> <span class='ocrx_word' id='word_1_76' title='bbox 1219 931 1356 966; x_wconf 86' lang='lat' dir='ltr'>essent</span> <span class='ocrx_word' id='word_1_77' title='bbox 1376 957 1386 976; x_wconf 96' lang='lat'><strong><em>‚</em></strong></span> 
     </span>
     <span class='ocr_line' id='line_1_11' title="bbox 20 988 1392 1053; baseline 0.002 -20"><span class='ocrx_word' id='word_1_78' title='bbox 20 997 166 1052; x_wconf 88' lang='lat' dir='ltr'>petere</span> <span class='ocrx_word' id='word_1_79' title='bbox 199 999 326 1053; x_wconf 88' lang='lat' dir='ltr'>atque</span> <span class='ocrx_word' id='word_1_80' title='bbox 363 1006 532 1053; x_wconf 85' lang='lat' dir='ltr'>sperare</span> <span class='ocrx_word' id='word_1_81' title='bbox 555 989 792 1042; x_wconf 86' lang='lat' dir='ltr'>deberent;</span> <span class='ocrx_word' id='word_1_82' title='bbox 818 1006 872 1035; x_wconf 90' lang='lat' dir='ltr'>ne</span> <span class='ocrx_word' id='word_1_83' title='bbox 905 988 960 1034; x_wconf 88' lang='lat' dir='ltr'>ad</span> <span class='ocrx_word' id='word_1_84' title='bbox 995 988 1082 1034; x_wconf 86' lang='lat' dir='ltr'>hoc</span> <span class='ocrx_word' id='word_1_85' title='bbox 1119 1007 1199 1052; x_wconf 91' lang='lat' dir='ltr'>pro</span> <span class='ocrx_word' id='word_1_86' title='bbox 1234 1007 1392 1050; x_wconf 85' lang='lat' dir='ltr'>magno</span> 
     </span>
     <span class='ocr_line' id='line_1_12' title="bbox 21 1058 1393 1124; baseline 0.002 -20"><span class='ocrx_word' id='word_1_87' title='bbox 21 1058 251 1105; x_wconf 85' lang='lat' dir='ltr'>serviretur</span> <span class='ocrx_word' id='word_1_88' title='bbox 273 1061 363 1106; x_wconf 88' lang='lat' dir='ltr'>Deo</span> <span class='ocrx_word' id='word_1_89' title='bbox 380 1097 391 1116; x_wconf 86' lang='lat'>,</span> <span class='ocrx_word' id='word_1_90' title='bbox 420 1071 469 1106; x_wconf 83' lang='lat' dir='ltr'>ut</span> <span class='ocrx_word' id='word_1_91' title='bbox 497 1071 709 1105; x_wconf 79' lang='lat' dir='ltr'>terrenam</span> <span class='ocrx_word' id='word_1_92' title='bbox 737 1059 986 1105; x_wconf 82' lang='lat' dir='ltr'>felicitatem</span> <span class='ocrx_word' id='word_1_93' title='bbox 1004 1059 1198 1123; x_wconf 82' lang='lat' dir='ltr'>adipisci</span> <span class='ocrx_word' id='word_1_94' title='bbox 1220 1078 1393 1124; x_wconf 85' lang='lat' dir='ltr'>quaere-</span> 
     </span>
     <span class='ocr_line' id='line_1_13' title="bbox 21 1129 1393 1193; baseline 0.001 -18"><span class='ocrx_word' id='word_1_95' title='bbox 21 1139 117 1175; x_wconf 84' lang='lat' dir='ltr'>rent</span> <span class='ocrx_word' id='word_1_96' title='bbox 132 1129 209 1193; x_wconf 89' lang='lat' dir='ltr'>qui</span> <span class='ocrx_word' id='word_1_97' title='bbox 232 1130 439 1176; x_wconf 86' lang='lat' dir='ltr'>servirent</span> <span class='ocrx_word' id='word_1_98' title='bbox 462 1130 570 1193; x_wconf 85' lang='lat' dir='ltr'>ipsi,</span> <span class='ocrx_word' id='word_1_99' title='bbox 600 1130 850 1189; x_wconf 87' lang='lat' dir='ltr'>abjicientes</span> <span class='ocrx_word' id='word_1_100' title='bbox 871 1140 912 1175; x_wconf 90' lang='lat' dir='ltr'>ct</span> <span class='ocrx_word' id='word_1_101' title='bbox 931 1130 1240 1177; x_wconf 80' lang='lat' dir='ltr'>conculcantes</span> <span class='ocrx_word' id='word_1_102' title='bbox 1260 1131 1393 1178; x_wconf 88' lang='lat' dir='ltr'>fidem</span> 
     </span>
     <span class='ocr_line' id='line_1_14' title="bbox 22 1200 1393 1257; baseline 0.002 -12"><span class='ocrx_word' id='word_1_103' title='bbox 22 1216 141 1245; x_wconf 90' lang='lat' dir='ltr'>suam</span> <span class='ocrx_word' id='word_1_104' title='bbox 156 1237 167 1257; x_wconf 90' lang='lat'>,</span> <span class='ocrx_word' id='word_1_105' title='bbox 195 1200 448 1247; x_wconf 86' lang='lat' dir='ltr'>aestimando</span> <span class='ocrx_word' id='word_1_106' title='bbox 472 1218 566 1246; x_wconf 91' lang='lat' dir='ltr'>eam</span> <span class='ocrx_word' id='word_1_107' title='bbox 598 1201 793 1247; x_wconf 83' lang='lat' dir='ltr'>mercede</span> <span class='ocrx_word' id='word_1_108' title='bbox 815 1201 1019 1247; x_wconf 74' lang='lat' dir='ltr'>vilissima</span> <span class='ocrx_word' id='word_1_109' title='bbox 1043 1218 1053 1246; x_wconf 70' lang='grc' dir='ltr'>ι</span> <span class='ocrx_word' id='word_1_110' title='bbox 1087 1201 1201 1247; x_wconf 87' lang='lat' dir='ltr'>unde</span> <span class='ocrx_word' id='word_1_111' title='bbox 1224 1203 1393 1248; x_wconf 85' lang='lat' dir='ltr'>benefi-</span> 
     </span>
     <span class='ocr_line' id='line_1_15' title="bbox 23 1270 1392 1335; baseline 0.001 -19"><span class='ocrx_word' id='word_1_112' title='bbox 23 1270 265 1317; x_wconf 89' lang='lat' dir='ltr'>centissima</span> <span class='ocrx_word' id='word_1_113' title='bbox 290 1271 563 1334; x_wconf 86' lang='lat' dir='ltr'>providentia</span> <span class='ocrx_word' id='word_1_114' title='bbox 593 1272 868 1335; x_wconf 86' lang='lat' dir='ltr'>omnipotens</span> <span class='ocrx_word' id='word_1_115' title='bbox 904 1273 1019 1317; x_wconf 89' lang='lat' dir='ltr'>Deus</span> <span class='ocrx_word' id='word_1_116' title='bbox 1056 1282 1266 1318; x_wconf 86' lang='lat' dir='ltr'>terrenam</span> <span class='ocrx_word' id='word_1_117' title='bbox 1294 1273 1392 1319; x_wconf 58' lang='lat' dir='ltr'>seli-2</span> 
     </span>
     <span class='ocr_line' id='line_1_16' title="bbox 22 1343 1400 1407; baseline 0.002 -19"><span class='ocrx_word' id='word_1_118' title='bbox 22 1343 198 1388; x_wconf 84' lang='lat' dir='ltr'>citatem</span> <span class='ocrx_word' id='word_1_119' title='bbox 227 1343 436 1389; x_wconf 86' lang='lat' dir='ltr'>concessit</span> <span class='ocrx_word' id='word_1_120' title='bbox 458 1353 499 1388; x_wconf 89' lang='lat' dir='ltr'>et</span> <span class='ocrx_word' id='word_1_121' title='bbox 528 1343 699 1406; x_wconf 88' lang='lat' dir='ltr'>impiis,</span> <span class='ocrx_word' id='word_1_122' title='bbox 726 1360 780 1389; x_wconf 88' lang='lat' dir='ltr'>ne</span> <span class='ocrx_word' id='word_1_123' title='bbox 800 1360 880 1406; x_wconf 88' lang='lat' dir='ltr'>pro</span> <span class='ocrx_word' id='word_1_124' title='bbox 905 1360 1061 1403; x_wconf 83' lang='lat' dir='ltr'>magno</span> <span class='ocrx_word' id='word_1_125' title='bbox 1087 1356 1355 1407; x_wconf 69' lang='lat' dir='ltr'>quaereretur</span> <span class='ocrx_word' id='word_1_126' title='bbox 1376 1364 1400 1392; x_wconf 89' lang='lat' dir='ltr'>a</span> 
     </span>
     <span class='ocr_line' id='line_1_17' title="bbox 21 1412 1397 1477; baseline 0.001 -19"><span class='ocrx_word' id='word_1_127' title='bbox 21 1412 163 1459; x_wconf 89' lang='lat' dir='ltr'>bonis.</span> <span class='ocrx_word' id='word_1_128' title='bbox 191 1412 306 1458; x_wconf 89' lang='lat' dir='ltr'>Hinc</span> <span class='ocrx_word' id='word_1_129' title='bbox 326 1412 397 1458; x_wconf 92' lang='lat' dir='ltr'>ille</span> <span class='ocrx_word' id='word_1_130' title='bbox 422 1412 618 1458; x_wconf 89' lang='lat' dir='ltr'>Psalmus</span> <span class='ocrx_word' id='word_1_131' title='bbox 649 1413 987 1477; x_wconf 82' lang='lat' dir='ltr'>septuagesimus</span> <span class='ocrx_word' id='word_1_132' title='bbox 1021 1425 1062 1459; x_wconf 90' lang='lat' dir='ltr'>et</span> <span class='ocrx_word' id='word_1_133' title='bbox 1084 1414 1297 1460; x_wconf 87' lang='lat' dir='ltr'>secundus</span> <span class='ocrx_word' id='word_1_134' title='bbox 1324 1416 1397 1461; x_wconf 89' lang='lat' dir='ltr'>in-</span> 
     </span>
     <span class='ocr_line' id='line_1_18' title="bbox 23 1481 1400 1548; baseline 0.004 -20"><span class='ocrx_word' id='word_1_135' title='bbox 23 1481 147 1528; x_wconf 83' lang='lat' dir='ltr'>ducit</span> <span class='ocrx_word' id='word_1_136' title='bbox 168 1482 391 1528; x_wconf 89' lang='lat' dir='ltr'>hominem</span> <span class='ocrx_word' id='word_1_137' title='bbox 415 1484 719 1547; x_wconf 86' lang='lat' dir='ltr'>poenitentem,</span> <span class='ocrx_word' id='word_1_138' title='bbox 748 1484 868 1547; x_wconf 88' lang='lat' dir='ltr'>quod</span> <span class='ocrx_word' id='word_1_139' title='bbox 895 1484 1129 1548; x_wconf 86' lang='lat' dir='ltr'>aliquando</span> <span class='ocrx_word' id='word_1_140' title='bbox 1154 1485 1285 1530; x_wconf 87' lang='lat' dir='ltr'>corde</span> <span class='ocrx_word' id='word_1_141' title='bbox 1309 1504 1400 1534; x_wconf 88' lang='lat' dir='ltr'>non</span> 
     </span>
     <span class='ocr_line' id='line_1_19' title="bbox 21 1554 1401 1619; baseline 0.002 -19"><span class='ocrx_word' id='word_1_142' title='bbox 21 1564 159 1610; x_wconf 82' lang='lat' dir='ltr'>rectO,</span> <span class='ocrx_word' id='word_1_143' title='bbox 188 1555 280 1600; x_wconf 92' lang='lat' dir='ltr'>Deo</span> <span class='ocrx_word' id='word_1_144' title='bbox 298 1571 380 1618; x_wconf 91' lang='lat' dir='ltr'>pro</span> <span class='ocrx_word' id='word_1_145' title='bbox 405 1554 491 1600; x_wconf 88' lang='lat' dir='ltr'>hac</span> <span class='ocrx_word' id='word_1_146' title='bbox 517 1555 713 1601; x_wconf 88' lang='lat' dir='ltr'>mercede</span> <span class='ocrx_word' id='word_1_147' title='bbox 740 1555 932 1601; x_wconf 81' lang='lat' dir='ltr'>servierit</span> <span class='ocrx_word' id='word_1_148' title='bbox 954 1591 963 1608; x_wconf 87' lang='lat'>,</span> <span class='ocrx_word' id='word_1_149' title='bbox 990 1572 1076 1618; x_wconf 86' lang='lat' dir='ltr'>qua</span> <span class='ocrx_word' id='word_1_150' title='bbox 1108 1572 1208 1601; x_wconf 90' lang='lat' dir='ltr'>cum</span> <span class='ocrx_word' id='word_1_151' title='bbox 1239 1556 1401 1619; x_wconf 84' lang='lat' dir='ltr'>pollere</span> 
     </span>
     <span class='ocr_line' id='line_1_20' title="bbox 24 1625 1398 1690; baseline 0.003 -19"><span class='ocrx_word' id='word_1_152' title='bbox 24 1636 152 1690; x_wconf 87' lang='lat' dir='ltr'>atque</span> <span class='ocrx_word' id='word_1_153' title='bbox 169 1625 368 1672; x_wconf 87' lang='lat' dir='ltr'>excellere</span> <span class='ocrx_word' id='word_1_154' title='bbox 386 1626 542 1690; x_wconf 85' lang='lat' dir='ltr'>impios</span> <span class='ocrx_word' id='word_1_155' title='bbox 561 1626 745 1683; x_wconf 77' lang='lat' dir='ltr'>videret,</span> <span class='ocrx_word' id='word_1_156' title='bbox 768 1627 968 1673; x_wconf 85' lang='lat' dir='ltr'>turbatus</span> <span class='ocrx_word' id='word_1_157' title='bbox 987 1638 1183 1690; x_wconf 74' lang='lat' dir='ltr'>coeperat</span> <span class='ocrx_word' id='word_1_158' title='bbox 1210 1628 1398 1688; x_wconf 78' lang='lat' dir='ltr'>cogitare</span> 
     </span>
     <span class='ocr_line' id='line_1_21' title="bbox 24 1695 1398 1761; baseline 0.003 -19"><span class='ocrx_word' id='word_1_159' title='bbox 24 1695 144 1761; x_wconf 88' lang='lat' dir='ltr'>quod</span> <span class='ocrx_word' id='word_1_160' title='bbox 165 1697 281 1743; x_wconf 86' lang='lat' dir='ltr'>Deus</span> <span class='ocrx_word' id='word_1_161' title='bbox 305 1697 501 1743; x_wconf 87' lang='lat' dir='ltr'>humana</span> <span class='ocrx_word' id='word_1_162' title='bbox 524 1715 612 1744; x_wconf 90' lang='lat' dir='ltr'>non</span> <span class='ocrx_word' id='word_1_163' title='bbox 644 1709 779 1745; x_wconf 86' lang='lat' dir='ltr'>curet.</span> <span class='ocrx_word' id='word_1_164' title='bbox 824 1699 878 1743; x_wconf 86' lang='lat' dir='ltr'>Et</span> <span class='ocrx_word' id='word_1_165' title='bbox 902 1714 1003 1743; x_wconf 88' lang='lat' dir='ltr'>cum</span> <span class='ocrx_word' id='word_1_166' title='bbox 1032 1699 1087 1742; x_wconf 89' lang='lat' dir='ltr'>ab</span> <span class='ocrx_word' id='word_1_167' title='bbox 1122 1698 1202 1743; x_wconf 86' lang='lat' dir='ltr'>ista</span> <span class='ocrx_word' id='word_1_168' title='bbox 1230 1701 1398 1759; x_wconf 77' lang='lat' dir='ltr'>cogita-</span> 
     </span>
     <span class='ocr_line' id='line_1_22' title="bbox 24 1768 1403 1833; baseline 0.003 -20"><span class='ocrx_word' id='word_1_169' title='bbox 24 1769 141 1815; x_wconf 88' lang='lat' dir='ltr'>tione</span> <span class='ocrx_word' id='word_1_170' title='bbox 170 1785 269 1814; x_wconf 90' lang='lat' dir='ltr'>eum</span> <span class='ocrx_word' id='word_1_171' title='bbox 301 1779 550 1815; x_wconf 82' lang='lat' dir='ltr'>sanctorum</span> <span class='ocrx_word' id='word_1_172' title='bbox 584 1769 636 1815; x_wconf 88' lang='lat' dir='ltr'>ad</span> <span class='ocrx_word' id='word_1_173' title='bbox 664 1772 803 1816; x_wconf 86' lang='lat' dir='ltr'>Deum</span> <span class='ocrx_word' id='word_1_174' title='bbox 840 1768 1151 1833; x_wconf 88' lang='lat' dir='ltr'>pertinentium</span> <span class='ocrx_word' id='word_1_175' title='bbox 1181 1782 1403 1817; x_wconf 70' lang='lat' dir='ltr'>revocaret</span> 
     </span>
     <span class='ocr_line' id='line_1_23' title="bbox 26 1839 1401 1904; baseline -0.001 -16"><span class='ocrx_word' id='word_1_176' title='bbox 26 1839 259 1888; x_wconf 86' lang='lat' dir='ltr'>auctoritas</span> <span class='ocrx_word' id='word_1_177' title='bbox 277 1876 288 1895; x_wconf 89' lang='lat'>,</span> <span class='ocrx_word' id='word_1_178' title='bbox 312 1840 501 1904; x_wconf 85' lang='lat' dir='ltr'>suscepit</span> <span class='ocrx_word' id='word_1_179' title='bbox 517 1851 642 1904; x_wconf 87' lang='lat' dir='ltr'>atque</span> <span class='ocrx_word' id='word_1_180' title='bbox 667 1840 854 1886; x_wconf 89' lang='lat' dir='ltr'>intendit</span> <span class='ocrx_word' id='word_1_181' title='bbox 879 1856 1106 1899; x_wconf 83' lang='lat' dir='ltr'>agnoscere</span> <span class='ocrx_word' id='word_1_182' title='bbox 1134 1850 1218 1885; x_wconf 90' lang='lat' dir='ltr'>tam</span> <span class='ocrx_word' id='word_1_183' title='bbox 1241 1841 1401 1901; x_wconf 82' lang='lat' dir='ltr'>grande</span> 
     </span>
     <span class='ocr_line' id='line_1_24' title="bbox 24 1910 1402 1974; baseline 0 -16"><span class='ocrx_word' id='word_1_184' title='bbox 24 1921 234 1959; x_wconf 88' lang='lat' dir='ltr'>secretum</span> <span class='ocrx_word' id='word_1_185' title='bbox 254 1947 266 1969; x_wconf 91' lang='lat'>,</span> <span class='ocrx_word' id='word_1_186' title='bbox 288 1910 409 1974; x_wconf 91' lang='lat' dir='ltr'>quod</span> <span class='ocrx_word' id='word_1_187' title='bbox 425 1912 463 1956; x_wconf 88' lang='lat' dir='ltr'>ei</span> <span class='ocrx_word' id='word_1_188' title='bbox 491 1911 708 1956; x_wconf 75' lang='lat' dir='ltr'>laboranti</span> <span class='ocrx_word' id='word_1_189' title='bbox 733 1927 820 1956; x_wconf 92' lang='lat' dir='ltr'>non</span> <span class='ocrx_word' id='word_1_190' title='bbox 853 1910 1118 1974; x_wconf 87' lang='lat' dir='ltr'>patefactum</span> <span class='ocrx_word' id='word_1_191' title='bbox 1145 1921 1205 1955; x_wconf 89' lang='lat' dir='ltr'>est</span> <span class='ocrx_word' id='word_1_192' title='bbox 1225 1946 1236 1968; x_wconf 90' lang='lat'>,</span> <span class='ocrx_word' id='word_1_193' title='bbox 1263 1911 1402 1958; x_wconf 85' lang='lat' dir='ltr'>donec</span> 
     </span>
     <span class='ocr_line' id='line_1_25' title="bbox 23 1981 1398 2041; baseline 0 -13"><span class='ocrx_word' id='word_1_194' title='bbox 23 1982 204 2029; x_wconf 89' lang='lat' dir='ltr'>intraret</span> <span class='ocrx_word' id='word_1_195' title='bbox 239 1981 534 2027; x_wconf 86' lang='lat' dir='ltr'>sanctuarium</span> <span class='ocrx_word' id='word_1_196' title='bbox 567 1982 672 2035; x_wconf 83' lang='lat' dir='ltr'>Dei,</span> <span class='ocrx_word' id='word_1_197' title='bbox 701 1992 742 2027; x_wconf 89' lang='lat' dir='ltr'>et</span> <span class='ocrx_word' id='word_1_198' title='bbox 768 1981 1024 2041; x_wconf 81' lang='lat' dir='ltr'>intelligeret</span> <span class='ocrx_word' id='word_1_199' title='bbox 1054 1981 1098 2026; x_wconf 89' lang='lat' dir='ltr'>in</span> <span class='ocrx_word' id='word_1_200' title='bbox 1130 1982 1362 2028; x_wconf 76' lang='lat' dir='ltr'>novissima</span> <span class='ocrx_word' id='word_1_201' title='bbox 1386 2019 1398 2039; x_wconf 91' lang='lat'>,</span> 
     </span>
     <span class='ocr_line' id='line_1_26' title="bbox 24 2051 1401 2116; baseline 0 -18"><span class='ocrx_word' id='word_1_202' title='bbox 24 2052 113 2099; x_wconf 90' lang='grc'><strong>1106</strong></span> <span class='ocrx_word' id='word_1_203' title='bbox 136 2063 214 2110; x_wconf 89' lang='lat' dir='ltr'>est,</span> <span class='ocrx_word' id='word_1_204' title='bbox 234 2052 372 2098; x_wconf 89' lang='lat' dir='ltr'>donec</span> <span class='ocrx_word' id='word_1_205' title='bbox 393 2063 571 2115; x_wconf 88' lang='lat' dir='ltr'>accepto</span> <span class='ocrx_word' id='word_1_206' title='bbox 592 2052 761 2116; x_wconf 82' lang='lat' dir='ltr'>Spiritu</span> <span class='ocrx_word' id='word_1_207' title='bbox 779 2062 927 2098; x_wconf 84' lang='lat' dir='ltr'>sancto</span> <span class='ocrx_word' id='word_1_208' title='bbox 952 2051 1137 2097; x_wconf 88' lang='lat' dir='ltr'>disceret</span> <span class='ocrx_word' id='word_1_209' title='bbox 1161 2051 1401 2099; x_wconf 81' lang='lat' dir='ltr'>desiderare</span> 
     </span>
     <span class='ocr_line' id='line_1_27' title="bbox 24 2122 1402 2188; baseline -0.001 -18"><span class='ocrx_word' id='word_1_210' title='bbox 24 2124 214 2188; x_wconf 82' lang='lat' dir='ltr'>potiora,</span> <span class='ocrx_word' id='word_1_211' title='bbox 235 2133 277 2169; x_wconf 87' lang='lat' dir='ltr'>et</span> <span class='ocrx_word' id='word_1_212' title='bbox 294 2123 562 2187; x_wconf 84' lang='lat' dir='ltr'>prospiceret</span> <span class='ocrx_word' id='word_1_213' title='bbox 582 2139 681 2186; x_wconf 81' lang='lat' dir='ltr'>quae</span> <span class='ocrx_word' id='word_1_214' title='bbox 701 2140 834 2186; x_wconf 86' lang='lat' dir='ltr'>poena</span> <span class='ocrx_word' id='word_1_215' title='bbox 850 2122 996 2168; x_wconf 86' lang='lat' dir='ltr'>futura</span> <span class='ocrx_word' id='word_1_216' title='bbox 1016 2122 1069 2167; x_wconf 90' lang='lat' dir='ltr'>sit</span> <span class='ocrx_word' id='word_1_217' title='bbox 1086 2122 1249 2185; x_wconf 88' lang='lat' dir='ltr'>impiis,</span> <span class='ocrx_word' id='word_1_218' title='bbox 1273 2125 1402 2169; x_wconf 85' lang='lat' dir='ltr'>etiarn</span> 
     </span>
     <span class='ocr_line' id='line_1_28' title="bbox 26 2192 1394 2260; baseline -0.001 -19"><span class='ocrx_word' id='word_1_219' title='bbox 26 2195 102 2260; x_wconf 91' lang='lat' dir='ltr'>qui</span> <span class='ocrx_word' id='word_1_220' title='bbox 132 2194 275 2241; x_wconf 84' lang='lat' dir='ltr'>foenea</span> <span class='ocrx_word' id='word_1_221' title='bbox 315 2193 504 2258; x_wconf 85' lang='lat' dir='ltr'>quadam</span> <span class='ocrx_word' id='word_1_222' title='bbox 541 2193 745 2239; x_wconf 85' lang='lat' dir='ltr'>felicitate</span> <span class='ocrx_word' id='word_1_223' title='bbox 789 2192 1083 2257; x_wconf 86' lang='lat' dir='ltr'>temporaliter</span> <span class='ocrx_word' id='word_1_224' title='bbox 1130 2193 1394 2242; x_wconf 79' lang='lat' dir='ltr'>flomissent.</span> 
     </span>
     <span class='ocr_line' id='line_1_29' title="bbox 27 2263 1400 2329; baseline -0.001 -16"><span class='ocrx_word' id='word_1_225' title='bbox 27 2267 158 2313; x_wconf 89' lang='lat' dir='ltr'>Hunc</span> <span class='ocrx_word' id='word_1_226' title='bbox 187 2265 407 2312; x_wconf 85' lang='lat' dir='ltr'>Psalmum</span> <span class='ocrx_word' id='word_1_227' title='bbox 444 2265 806 2328; x_wconf 82' lang='lat' dir='ltr'>septuagesimum</span> <span class='ocrx_word' id='word_1_228' title='bbox 845 2263 1113 2321; x_wconf 88' lang='lat' dir='ltr'>secundum,</span> <span class='ocrx_word' id='word_1_229' title='bbox 1149 2276 1276 2310; x_wconf 88' lang='lat' dir='ltr'>nocte</span> <span class='ocrx_word' id='word_1_230' title='bbox 1313 2283 1388 2329; x_wconf 87' lang='lat' dir='ltr'>qu</span> <span class='ocrx_word' id='word_1_231' title='bbox 1378 2284 1400 2312; x_wconf 88' lang='lat' dir='ltr'>a</span> 
     </span>
     <span class='ocr_line' id='line_1_30' title="bbox 24 2334 1400 2398; baseline -0.001 -15"><span class='ocrx_word' id='word_1_232' title='bbox 24 2336 304 2384; x_wconf 85' lang='lat' dir='ltr'>illucescebat</span> <span class='ocrx_word' id='word_1_233' title='bbox 325 2334 569 2381; x_wconf 88' lang='lat' dir='ltr'>solemnitas</span> <span class='ocrx_word' id='word_1_234' title='bbox 592 2335 828 2381; x_wconf 86' lang='lat' dir='ltr'>beatissimi</span> <span class='ocrx_word' id='word_1_235' title='bbox 852 2338 915 2384; x_wconf 61' lang='lat'>(15</span> <span class='ocrx_word' id='word_1_236' title='bbox 920 2352 1062 2398; x_wconf 76' lang='lat' dir='ltr'>priam</span> <span class='ocrx_word' id='word_1_237' title='bbox 1095 2351 1174 2398; x_wconf 85' lang='lat' dir='ltr'>per</span> <span class='ocrx_word' id='word_1_238' title='bbox 1202 2335 1400 2381; x_wconf 75' lang='lat' dir='ltr'>ministe-</span> 
     </span>
     <span class='ocr_line' id='line_1_31' title="bbox 26 2405 1266 2469; baseline -0.002 -15"><span class='ocrx_word' id='word_1_239' title='bbox 26 2409 142 2454; x_wconf 85' lang='lat' dir='ltr'>rium</span> <span class='ocrx_word' id='word_1_240' title='bbox 158 2416 355 2452; x_wconf 84' lang='lat' dir='ltr'>nostrum</span> <span class='ocrx_word' id='word_1_241' title='bbox 374 2406 632 2469; x_wconf 83' lang='lat' dir='ltr'>expositum</span> <span class='ocrx_word' id='word_1_242' title='bbox 657 2406 746 2465; x_wconf 82' lang='lat' dir='ltr'>lege</span> <span class='ocrx_word' id='word_1_243' title='bbox 768 2416 808 2450; x_wconf 88' lang='lat' dir='ltr'>et</span> <span class='ocrx_word' id='word_1_244' title='bbox 830 2405 1060 2464; x_wconf 80' lang='lat' dir='ltr'>diligenter</span> <span class='ocrx_word' id='word_1_245' title='bbox 1079 2405 1209 2450; x_wconf 62' lang='grc'><strong>311161</strong></span> <span class='ocrx_word' id='word_1_246' title='bbox 1216 2416 1266 2451; x_wconf 91' lang='lat' dir='ltr'>te.</span> 
     </span>
    </p>

    <p class='ocr_par' dir='ltr' id='par_1_4' title="bbox 28 2476 1400 2615">
     <span class='ocr_line' id='line_1_32' title="bbox 92 2476 1393 2540; baseline -0.001 -14"><span class='ocrx_word' id='word_1_247' title='bbox 92 2480 211 2526; x_wconf 87' lang='lat' dir='ltr'><strong>XIV.</strong></span> <span class='ocrx_word' id='word_1_248' title='bbox 244 2477 434 2524; x_wconf 90' lang='lat' dir='ltr'>Proinde</span> <span class='ocrx_word' id='word_1_249' title='bbox 453 2477 586 2523; x_wconf 91' lang='lat' dir='ltr'>homo</span> <span class='ocrx_word' id='word_1_250' title='bbox 603 2477 801 2523; x_wconf 85' lang='lat' dir='ltr'>Christus</span> <span class='ocrx_word' id='word_1_251' title='bbox 820 2476 1021 2540; x_wconf 86' lang='lat' dir='ltr'>idemque</span> <span class='ocrx_word' id='word_1_252' title='bbox 1037 2476 1151 2522; x_wconf 89' lang='lat' dir='ltr'>Deus</span> <span class='ocrx_word' id='word_1_253' title='bbox 1169 2477 1393 2536; x_wconf 84' lang='lat' dir='ltr'>Christus,</span> 
     </span>
     <span class='ocr_line' id='line_1_33' title="bbox 28 2547 1400 2615; baseline -0.004 -15"><span class='ocrx_word' id='word_1_254' title='bbox 28 2555 153 2615; x_wconf 77' lang='lat' dir='ltr'>cujus</span> <span class='ocrx_word' id='word_1_255' title='bbox 174 2547 570 2596; x_wconf 77' lang='lat' dir='ltr'>misericordissima</span> <span class='ocrx_word' id='word_1_256' title='bbox 588 2548 877 2605; x_wconf 78' lang='lat' dir='ltr'>humanitate,</span> <span class='ocrx_word' id='word_1_257' title='bbox 907 2557 1036 2611; x_wconf 82' lang='lat' dir='ltr'>atque</span> <span class='ocrx_word' id='word_1_258' title='bbox 1054 2547 1098 2593; x_wconf 89' lang='lat' dir='ltr'>in</span> <span class='ocrx_word' id='word_1_259' title='bbox 1121 2551 1244 2608; x_wconf 85' lang='lat' dir='ltr'>cujus</span> <span class='ocrx_word' id='word_1_260' title='bbox 1261 2548 1400 2596; x_wconf 81' lang='lat' dir='ltr'>forma</span> 
     </span>
    </p>
   </div>
   <div class='ocr_carea' id='block_1_3' title="bbox 162 2657 1270 2688">
    <p class='ocr_par' dir='ltr' id='par_1_5' title="bbox 162 2657 1270 2688">
     <span class='ocr_line' id='line_1_34' title="bbox 162 2657 1270 2688; baseline -0.002 0"><span class='ocrx_word' id='word_1_261' title='bbox 162 2657 323 2688; x_wconf 79' lang='lat' dir='ltr'>CXLVII.</span> <span class='ocrx_word' id='word_1_262' title='bbox 1247 2659 1270 2686; x_wconf 78' lang='lat'><strong>2</strong></span> 
     </span>
    </p>
   </div>
  </div>
 </body>
</html>
