1799 3251
571 310 784 344 EPISTOLA
818 312 949 342 crvn.
1357 298 1449 362 275

83 395 249 425 necesse
266 389 326 425 est
341 388 486 443 portet
509 377 648 424 bonos
671 387 712 423 et
748 376 901 431 malos,
940 376 1146 440 quoniam
1175 386 1216 423 et
1233 376 1320 423 hoc
1338 378 1451 425 inter

81 457 176 495 tuas
193 450 452 512 quaestiones
471 448 757 508 interrogasti,
780 447 989 511 prolixam
1008 446 1232 510 epistolam
1248 451 1339 507 jam
1358 459 1451 494 tan-

82 519 179 564 dem
220 519 454 584 aliquando
490 518 767 565 concludam.
798 518 1067 564 Jurationem
1107 534 1211 564 cave
1236 529 1451 582 quantum

82 599 216 652 poteS.
248 590 398 635 Melius
416 590 582 653 quippe
603 606 680 634 nee
702 605 850 633 verum
878 591 1068 647 juratur,
1113 605 1244 650 quam
1270 589 1453 648 jurandi

81 660 410 713 consuetudine,
439 671 480 705 et
507 661 550 705 in
578 658 819 722 perjririum
848 675 963 721 saepe
987 657 1178 713 caditur,
1215 668 1257 703 et
1287 676 1457 722 semper

80 731 249 793 peJ‘urio
271 731 608 794 propinquitur
639 729 722 774 Sed
747 728 826 784 illi,
852 738 1066 791 quantum
1100 728 1267 791 aliquos
1301 745 1454 775 eorum

82 801 247 848 audivi
270 801 376 864 quid
394 802 446 846 sit
466 805 615 861 J'urare
636 816 815 863 prorsus
838 799 1075 858 i0·:norant
1095 809 1253 861 putant
1273 799 1388 844 enim
1413 817 1456 845 se

79 875 337 932 nonjurare‚
360 872 568 936 quando
559 889 603 917 ln
624 889 696 917 ore
716 871 906 917 habent:
935 891 953 912 (ι
976 869 1068 916 Scit
1093 871 1240 915 Deus:
1262 881 1320 927 et,
1347 872 1456 916 Tes-

82 963 102 984 n
128 943 180 988 tis
203 954 263 989 est
288 945 402 989 Deus
424 962 434 988 ε
468 954 526 997 et,
550 944 719 988 Testem
757 944 898 987 Deum
926 943 1083 987 invoco
1111 958 1242 1004 super
1270 907 1460 988 aiiimam

81 1034 101 1054 >³
127 1030 263 1058 meam
281 1013 298 1042 1
321 1032 330 1059 :
355 1036 373 1056 »
416 1015 519 1077 quia
542 1031 630 1060 non
657 1014 819 1059 dicitur
844 1031 856 1058 ε
896 1035 917 1054 «
944 1014 1027 1058 Per
1054 1013 1194 1058 Deum
1214 1030 1224 1057 :
1241 1034 1262 1055 >2
1290 1023 1331 1058 et
1354 1014 1457 1077 quia

80 1084 179 1129 talia
208 1085 484 1148 reperiuntur
519 1085 562 1130 in
613 1085 809 1148 apostolo
846 1084 993 1130 Paulo.
1028 1083 1112 1128 Sed
1144 1084 1271 1129 etiam
1296 1084 1369 1130 illa
1392 1084 1457 1130 ibi

81 1165 231 1200 contra
259 1172 330 1200 eos
351 1155 526 1200 inventa
558 1166 645 1209 est,
675 1172 807 1218 quam
852 1155 1116 1199 confitentur
1149 1170 1236 1199 esse
1267 1154 1461 1214 juratio-

80 1241 197 1280 nem,
230 1225 307 1270 ubi
337 1225 395 1272 ait
418 1225 651 1288 Apostolus
672 1243 682 1270 ε
707 1246 727 1266 «
749 1223 958 1281 Quotidie
989 1223 1154 1269 morior
1173 1240 1252 1286 per
1273 1235 1460 1270 vestram

82 1315 102 1336 >³
124 1294 322 1355 gloriam,
356 1294 525 1351 fratres,
547 1313 678 1359 quam
707 1295 849 1340 habeo
878 1294 921 1339 in
946 1293 1121 1339 Christo
1146 1296 1244 1339 Jesu
1271 1294 1463 1340 Domino

81 1375 226 1411 nostro
249 1366 314 1412 2.»
348 1369 397 1410 In
421 1367 572 1426 graecis
608 1366 719 1412 enim
761 1365 990 1411 codicibus
1026 1364 1242 1427 reperitur
1284 1364 1462 1410 omnino

81 1452 166 1480 esse
189 1437 306 1481 hanc
323 1436 605 1495 jurationem,
626 1453 679 1481 ne
696 1436 792 1499 quis
807 1435 852 1480 in
875 1434 1009 1480 latina
1025 1433 1173 1494 lingua
1198 1434 1284 1480 hoc
1303 1434 1364 1481 sic
1390 1435 1465 1480 in-

81 1505 242 1567 lelligat
259 1506 425 1552 dictum
453 1524 463 1551 ε
500 1507 619 1552 «Per
642 1516 827 1552 vestram
852 1503 1053 1564 gloriam,
1078 1526 1098 1546 n
1121 1504 1344 1567 quomodo
1362 1504 1463 1551 dic-

83 1587 173 1623 tum
192 1588 282 1623 est:
308 1598 326 1617 c<
344 1578 427 1622 Per
439 1594 580 1623 meum
602 1577 834 1623 adventum
860 1576 1015 1621 iterum
1031 1574 1085 1620 ad
1103 1592 1200 1621 vos:
1226 1586 1301 1620 »et
1323 1575 1463 1622 multa

82 1649 256 1704 similia,
287 1649 365 1695 ubi
385 1649 564 1704 dicitur,
602 1666 682 1712 per
702 1647 890 1712 aliquid,
914 1658 956 1693 et
977 1664 1065 1692 non
1089 1647 1330 1706 estjuratio
1347 1646 1454 1694 .Sed

81 1718 277 1764 nonideo
298 1719 455 1783 quiain
471 1720 556 1764 suis
574 1718 898 1779 litteris-juravit
919 1716 1172 1780 ApostoluS,
1191 1718 1259 1762 vir
1278 1717 1322 1763 in
1341 1718 1458 1763 veri-

85 1800 171 1834 tate
198 1790 485 1841 firmissimus,
510 1789 641 1835 ludus
678 1790 806 1835 nobis
842 1788 971 1834 debet
991 1804 1077 1833 esse
1112 1787 1290 1847 juratio.
1320 1787 1464 1834 Multo

83 1860 198 1904 enim
240 1860 394 1915 tutius,
422 1859 592 1916 utdixi,
632 1871 845 1923 quantum
872 1859 926 1905 ad
944 1876 1022 1905 nos
1042 1858 1213 1913 attinet,
1237 1875 1466 1922 nunquam

78 1933 351 1990 juramus,ut
366 1930 420 1976 sit
435 1930 478 1976 in
490 1947 562 1975 ore
575 1941 748 1976 nostro:
769 1931 893 1987 «Est,
910 1939 1001 1975 est:
1022 1929 1134 1985 Non,
1152 1944 1242 1973 non
1256 1928 1291 1985 ³,
1312 1950 1331 1970 >³
1352 1931 1465 1975 sicut

85 2001 298 2047 Dominus
331 2012 491 2048 monet.
525 2002 623 2047 Non
650 2001 750 2066 quia
775 2011 1005 2065 peccatum
1029 2009 1090 2045 est
1110 2003 1424 2060 Veruijrare
1448 2017 1460 2046 ε

84 2070 157 2118 sed
181 2071 282 2135 quia
305 2072 605 2133 gravissimum
645 2083 876 2136 peceatum
906 2081 968 2117 est
1005 2069 1159 2116 falsum
1194 2073 1343 2130 jurare
1374 2087 1463 2136 quo

84 2141 211 2188 eitius
235 2142 370 2198 cadit,
397 2143 473 2206 qui
489 2143 710 2188 consuevit
724 2146 886 2202 jurare.

150 2214 267 2259 XLI.
301 2214 515 2275 Accepisti
550 2213 671 2276 quod
700 2213 810 2259 mihi
851 2211 1054 2258 videtur:
1084 2233 1104 2254 α
1132 2212 1284 2258 melius
1326 2230 1465 2276 expo-

83 2283 282 2328 nantista
305 2283 501 2329 meliores
521 2301 531 2328 :
552 2301 637 2328 non
654 2284 723 2329 isti
745 2300 933 2348 quorum
953 2282 1052 2328 novi
1082 2285 1173 2342 jam
1200 2285 1458 2330 sententiam

87 2353 429 2418 reprobandam,
477 2354 549 2400 secl
575 2354 647 2400 alii
685 2357 761 2418 qui
802 2353 1009 2399 veraciter
1044 2363 1240 2416 possunt.
1282 2355 1391 2400 Nam
1419 2365 1463 2401 et

86 2441 163 2486 ego
180 2426 372 2488 paratior
395 2442 489 2470 sum
505 2424 648 2471 dicere
669 2442 799 2488 quam
823 2424 996 2478 docere;
1013 2433 1052 2470 et
1073 2435 1117 2470 tu
1139 2441 1340 2484 magnum
1360 2442 1463 2471 con-

138 2543 186 2572 ¹1
204 2544 277 2575 Cor.
293 2554 357 2581 xit,
376 2554 393 2572 2
412 2553 420 2583 3
437 2545 527 2574 Rom.
549 2554 575 2578 1,
591 2554 610 2582 9
630 2554 636 2579 ;
659 2542 772 2585 Philip.
796 2554 822 2578 1,
846 2544 877 2583 ἦ,
895 2548 922 2572 et
941 2553 956 2571 2
977 2542 1049 2574 Cor.
1075 2552 1102 2579 1,
1119 2542 1174 2574 23.
1194 2560 1230 2564 —-
1248 2539 1262 2562 2
1288 2553 1299 2572 x
1319 2542 1391 2574 Cor.
1408 2553 1462 2584 xv,

92 2599 147 2633 31.
166 2616 206 2622 -—
224 2595 238 2620 3
254 2597 368 2630 Matzh.
384 2609 413 2636 v,
432 2599 485 2638 37.

1260 2660 1329 2707 18.
