1799 3251
343 257 435 313 430
770 268 805 298 s,
848 264 1090 296 Aucusruxu
1127 263 1330 294 Episcopi

343 336 471 382 tracti
484 333 681 394 caligine,
702 330 878 378 remotis
900 329 1198 392 abdicatisque
1219 327 1438 383 omuibus,
1468 327 1629 391 quibus
1655 337 1716 372 to·

348 416 434 461 tus,
453 419 663 450 neverum
680 401 935 465 aspicerent,
953 399 1204 445 foedabatur
1220 408 1261 443 et
1277 397 1491 458 caligabat
1506 407 1718 460 aspectus,

349 475 558 521 damnent
580 473 680 518 haec
706 488 805 535 quae
842 470 932 515 huc
958 486 1091 534 usque
1115 479 1354 524 senserunt,
1396 478 1436 514 et
1483 465 1718 531 aliquando

353 545 545 592 animum
566 543 691 590 rectis
709 541 1078 605 disputationibus
1093 538 1431 593 commodantes,
1458 538 1512 584 ab
1534 537 1618 584 hac
1645 536 1720 582 ali-

350 614 612 680 quantulum
635 613 734 659 labe
759 612 970 665 correcti,
994 611 1104 656 veris
1128 627 1169 655 se
1189 608 1400 654 sanandos
1424 608 1613 654 consiliis
1639 608 1720 654 tri-

351 688 492 732 buant
515 695 642 748 atque
673 682 948 729 submittant.
982 680 1112 737 Quod
1137 680 1170 725 si
1192 679 1389 732 fecerint,
1415 679 1495 724 erit
1511 679 1555 724 in
1573 689 1723 741 potes-

352 759 439 802 tate
470 755 750 819 pontificum,
773 753 862 798 istis
898 751 1168 814 aliquatenus
1204 749 1448 804 subvenire,
1487 759 1529 794 et
1566 748 1724 794 talibus

354 828 542 891 aliquam
576 841 724 871 curam
753 833 959 886 praestare
993 820 1262 875 vulneribus,
1297 836 1430 882 quam
1470 818 1575 864 solet
1595 818 1726 882 lapsis

354 915 454 944 cum
472 894 729 958 resipuerint
752 892 940 938 Ecclesia
973 908 1061 935 nou
1098 907 1279 949 negare:
1308 900 1354 934 ut
1375 907 1397 934 a
1432 889 1517 934 suis
1536 887 1726 934 revocati

356 965 762 1032 praecipitiis‚i1]tra
784 962 894 1008 ovile
929 961 1104 1006 Domini
1122 959 1400 1019 redigantur3
1433 976 1487 1004 ne
1520 959 1622 1005 foris
1640 952 1726 1023 po-

357 1037 442 1091 siti,
474 1048 514 1081 et
534 1047 652 1080 tanto
673 1032 877 1098 praesidio
914 1050 935 1076 a
966 1030 1319 1076 fidemunitionis
1353 1029 1527 1086 exclusi,
1549 1030 1724 1092 pericu-

355 1108 408 1152 lis
451 1106 656 1151 omnibus
698 1111 989 1165 exponantur,
1018 1099 1256 1145 devorandi
1281 1100 1488 1163 luporum
1523 1099 1729 1144 dentibus

356 1190 485 1241 atque
502 1175 700 1230 vexandi,
727 1172 890 1237 quibus
914 1171 1118 1217 obsistere
1139 1171 1244 1226 hac,
1268 1188 1355 1234 qua
1381 1170 1478 1216 illos
1501 1171 1546 1216 in
1565 1187 1607 1215 se
1624 1170 1729 1215 irri-

360 1258 552 1294 taverant
590 1245 805 1291 doctrinae
840 1243 1137 1306 perversitate,
1169 1258 1258 1286 non
1294 1241 1476 1304 possint.
1524 1240 1609 1287 Sed
1629 1241 1730 1286 satis

360 1319 507 1366 vestris
535 1316 726 1372 monitis,
754 1314 813 1362 sic
840 1313 1172 1359 abundantibus
1203 1323 1360 1358 nostrae
1383 1311 1486 1372 legis
1505 1311 1727 1375 exemplis,

358 1389 572 1453 probatur
590 1404 675 1432 esse
699 1401 954 1448 responsum
972 1421 983 1441 ,
1007 1400 1087 1429 uec
1109 1382 1352 1446 quidquam
1374 1400 1591 1447 superesse
1611 1380 1731 1427 duxi-

360 1477 455 1505 mus
495 1457 613 1522 quod
638 1456 833 1502 dicamus
852 1492 862 1511 ‚
890 1472 991 1501 cum
1031 1453 1143 1499 nihil
1164 1454 1502 1516 praetermissum
1525 1471 1547 1499 a
1585 1452 1727 1508 vobis,

362 1529 471 1575 nihil
485 1538 648 1574 constet
663 1544 750 1572 esse
777 1541 1075 1589 suppressum,
1102 1540 1188 1587 quo
1213 1523 1274 1569 illi
1299 1523 1474 1569 refutati
1496 1533 1537 1568 et
1560 1522 1733 1586 penitus

363 1609 649 1659 agnoscantur
684 1614 769 1642 esse
812 1595 1017 1642 convicti.
1062 1594 1253 1657 Ideoque
1269 1612 1290 1639 a
1325 1594 1451 1639 nobis
1492 1593 1734 1639 testimonia

363 1671 481 1716 nulla
498 1679 741 1733 ponuntur,
764 1667 867 1731 quia
892 1665 1013 1711 ethis
1035 1664 1164 1728 plena
1184 1664 1333 1710 relatio
1348 1674 1426 1721 est,
1449 1675 1492 1711 et
1515 1665 1613 1710 satis
1632 1681 1731 1710 cou-

366 1738 816 1785 stattotdoctissimos
846 1734 1088 1781 sacerdotes
1127 1745 1285 1780 cuncta
1309 1735 1475 1792 dixisse,
1507 1752 1586 1781 nec
1612 1734 1736 1780 decet

363 1809 535 1855 eredere
574 1826 650 1853 vos
676 1806 859 1870 aliquid,
886 1804 1006 1868 quod
1044 1804 1098 1850 ad
1130 1821 1304 1850 causam
1336 1805 1470 1868 possit
1504 1805 1732 1868 proficere,

366 1880 622 1944 praeteriisse
649 1896 660 1922 t
687 1891 731 1922 ec
755 1877 854 1921 alia
879 1893 1026 1927 mauu
1047 1894 1058 1919 .·
1083 1876 1197 1921 Bene
1221 1875 1374 1932 valete,
1391 1875 1543 1921 fratres
1570 1893 1580 1920 ε
1605 1887 1650 1920 et
1675 1873 1741 1920 ml

363 1953 516 1996 lalus:
540 1951 649 1994 Data
668 1965 728 1994 vi.
760 1947 856 1993 Kal.
890 1946 1016 1992 Febr.
1050 1957 1148 2009 post
1184 1947 1460 1992 consulatum
1498 1945 1737 1992 Theodosii

368 2020 549 2081 Augusti
570 2036 651 2065 vu.
679 2028 721 2064 et
744 2017 865 2062 Junii
893 2017 1051 2073 Quarti
1070 2016 1209 2067 Π1,
1236 2038 1256 2058 »

414 2123 423 2143 ¹
442 2123 492 2152 Sic
509 2123 600 2152 MSS.
614 2123 655 2152 At
674 2119 764 2152 editi.
784 2119 901 2160 Quinto
924 2118 1118 2154 Kalendas;
1137 2117 1257 2150 omissis
1271 2116 1462 2153 consulibus,
1478 2127 1557 2158 quos
1572 2116 1736 2148 annotavi-

368 2188 436 2209 mus
453 2188 491 2207 ex
513 2178 600 2208 Mss.
613 2176 771 2207 Vaticano
784 2199 791 2209 ,
803 2174 986 2216 Corbejensi
1004 2179 1034 2204 et
1057 2172 1265 2204 Germanensi
1280 2184 1288 2209 ;
1305 2182 1484 2214 quanquam
1500 2171 1531 2202 iu
1546 2172 1643 2204 (Iorb.
1661 2172 1740 2203 alter

367 2234 531 2264 consulum
560 2234 666 2262 mes
690 2241 744 2262 seu
776 2229 895 2259 Lanius
925 2230 1112 2271 appellatur,
1147 2231 1182 2259 In
1212 2230 1288 2261 Vat.
1318 2234 1420 2258 amem
1453 2227 1566 2258 Lucius
1588 2227 1632 2257 uti
1653 2232 1682 2257 et
1707 2226 1739 2257 in

367 2290 477 2321 Germ.
506 2288 539 2318 iu
567 2297 630 2329 quo
659 2297 697 2318 ex
725 2293 822 2328 prava
854 2284 1116 2324 interpretatione
1150 2290 1296 2315 notarum
1316 2287 1386 2320 Π
1407 2283 1624 2324 scriptumest
1647 2282 1740 2312 Lucio

370 2345 490 2383 Quarto
509 2344 546 2371 V.
567 2341 768 2373 Consulibus.
