1799 3251
325 276 414 323 290
733 275 766 307 S.
810 276 1053 313 AUGUSTINI
1087 276 1289 308 EPISCOPI

322 345 434 396 sint,
458 351 505 387 ut
525 340 710 387 anterior
732 339 785 385 sit
806 339 939 395 ratio,
969 351 1011 389 et
1042 342 1215 393 effectus
1239 341 1453 405 posterior
1482 346 1573 403 ejus
1597 344 1657 393 rei
1679 381 1691 400 ‚

323 431 452 478 quain
477 411 666 460 futuram
691 428 777 456 esse
809 411 995 458 ostendit
1020 413 1128 459 ratio
1149 430 1160 458 ε
1188 423 1234 459 ut
1254 413 1375 460 verbi
1400 414 1555 473 gratia,
1593 431 1695 461 cum

324 483 511 545 ttiuudus.
533 482 672 535 sactus
695 491 783 537 est,
813 482 922 535 ratio
944 483 1102 532 habuit
1132 494 1178 534 ut
1197 484 1317 529 fieret
1337 482 1544 530 mundus.
1571 485 1696 538 Prior

320 571 420 617 ergo
443 554 550 603 ratio
572 569 701 616 quam
720 551 909 606 mundus
932 563 1009 599 est.
1036 555 1097 600 Ea
1113 570 1215 614 ergo
1238 570 1338 617 quae
1354 553 1479 605 scivit
1499 554 1608 600 ratio
1623 553 1696 601 fu-

325 622 418 671 tura
444 641 554 679 esse,
581 624 810 669 subsecuta
831 633 955 679 sunt,
992 635 1039 670 ut
1065 625 1119 670 sit
1142 625 1346 688 princeps
1378 624 1488 670 ratio
1512 661 1523 679 ‚
1546 634 1697 688 postea

320 695 474 742 mundi
501 693 709 757 operatio.
736 693 761 738 J
767 711 834 739 am
861 711 979 740 nunc
1001 695 1208 758 quoniam
1224 694 1334 741 ratio
1345 694 1532 740 ostendit
1554 696 1693 740 Deum

320 784 422 822 esse,
443 766 507 811 vel
518 781 682 811 necesse
698 781 783 809 6556
802 775 850 809 ut
863 766 977 810 Deus
989 776 1111 822 esset,
1132 765 1240 829 quid
1260 765 1331 811 cui
1356 767 1691 829 praeponemus?

318 837 549 883 Rationem
563 839 672 890 Deo,
687 844 760 879 aut
771 835 978 880 rationem
990 835 1173 893 mundo,
1194 854 1246 882 an
1258 836 1398 880 Deum
1413 834 1588 890 rationi,
1605 834 1694 880 sine

319 924 405 970 qua
421 908 559 951 Deum
570 904 814 950 nullatenus
825 921 909 950 esse
926 905 1158 969 probabile
1173 908 1263 952 est?
1277 905 1322 951 Si
1333 904 1447 950 enim
1457 908 1599 950 Deum
1608 920 1694 950 esse

321 988 527 1022 aeternum
538 1012 548 1032 ,
563 985 620 1021 est
633 974 796 1020 ratione
807 992 892 1020 esso
907 985 1115 1021 aeternum
1126 1013 1136 1031 ‚
1149 992 1249 1040 quae
1262 986 1323 1021 est
1334 974 1442 1020 ratio
1457 975 1601 1034 PErgo
1621 984 1695 1020 aut

320 1049 437 1091 Deus
462 1056 553 1102 est,
585 1055 660 1090 aut
685 1043 764 1089 Dei
782 1055 866 1100 est,
898 1055 947 1090 ut
978 1045 1072 1107 ipsa
1104 1045 1231 1091 docet
1257 1045 1366 1091 ratio
1389 1062 1399 1089 ε
1430 1060 1529 1108 quae
1548 1043 1582 1089 si
1601 1043 1695 1107 ipsa

319 1127 379 1161 ost
398 1120 516 1161 Deus
533 1152 543 1171 ,
573 1115 679 1160 ratio
701 1114 888 1159 ostendit
913 1116 1051 1161 Deum
1079 1132 1164 1161 esse
1184 1115 1394 1162 rationem
1413 1151 1424 1171 ,
1446 1125 1488 1159 et
1514 1124 1696 1178 possunt

319 1188 396 1232 ista
423 1203 571 1232 coaeva
601 1195 642 1230 et
669 1194 883 1229 coaeterna
906 1201 1007 1232 esse.
1035 1185 1079 1231 Si
1105 1196 1246 1231 autem
1266 1184 1346 1229 Dei
1369 1193 1431 1229 est
1456 1182 1694 1229 similitudo

318 1257 415 1302 lIOEC
439 1256 550 1301 ratio
568 1293 578 1311 ,
612 1253 799 1300 ostendit
824 1254 1038 1301 rationem
1076 1255 1155 1300 Dei
1188 1272 1274 1300 esse
1295 1253 1519 1300 similiter:
1545 1263 1586 1298 et
1609 1252 1695 1299 hoc

317 1328 400 1371 erit
427 1343 623 1372 coaevum
656 1335 697 1370 et
722 1335 1002 1372 coaeternum.
1036 1326 1177 1371 Deum
1202 1335 1345 1371 autem
1376 1341 1461 1369 esse
1502 1322 1695 1369 similiter

319 1397 407 1443 fieri
428 1413 516 1442 non
532 1413 656 1459 posse
673 1432 683 1451 ‚
712 1395 795 1440 nisi
811 1406 917 1441 esset
934 1398 1048 1442 Deus
1065 1433 1075 1452 ‚
1104 1396 1198 1459 ipsa
1219 1395 1330 1441 ratio
1356 1394 1542 1440 ostendit
1562 1411 1573 1439 ι
1594 1410 1695 1457 quae

320 1468 426 1513 ratio
454 1467 489 1512 si
511 1466 758 1521 auferatur,
788 1465 908 1527 quod
927 1465 1048 1511 dictu
1073 1466 1192 1511 nefas
1215 1476 1305 1521 est,
1330 1481 1419 1510 non
1444 1465 1523 1510 erit
1546 1465 1663 1510 Deus
1679 1500 1691 1520 ,

317 1540 351 1584 si
386 1537 495 1582 ratio
531 1554 618 1581 non
655 1535 887 1581 ostenderit
923 1553 1088 1582 necesse
1124 1554 1210 1582 esse
1237 1536 1392 1582 Deum.
1436 1535 1562 1581 Tunc
1593 1550 1695 1594 ergo

323 1611 434 1654 Deus
468 1617 529 1652 est
549 1643 560 1663 ,
599 1623 699 1652 cum
740 1609 830 1665 ejus
871 1607 980 1652 ratio
1009 1607 1199 1652 ostendit
1240 1617 1288 1652 ut
1323 1606 1377 1652 sit
1418 1606 1546 1652 Deus.
1582 1605 1696 1650 Deus

319 1697 417 1739 ergo
442 1678 545 1742 quia
568 1689 629 1723 est
652 1695 662 1722 z
687 1678 776 1722 sine
800 1676 937 1722 dubio
952 1688 1014 1723 est
1036 1679 1147 1724 ratio
1167 1716 1176 1734 ‚
1198 1695 1297 1743 quae
1319 1676 1470 1723 docuit
1491 1676 1593 1740 quia
1612 1686 1688 1723 est.

386 1751 467 1796 ttl.
493 1771 512 1790 «
537 1748 655 1805 Quid
682 1765 781 1808 ergo
804 1758 894 1802 est,
921 1748 954 1793 si
980 1749 1068 1794 dici
1101 1759 1275 1812 potest,
1297 1748 1342 1794 in
1366 1748 1457 1793 Deo
1480 1747 1691 1810 primum,

319 1821 427 1867 mtio
453 1838 505 1865 an
532 1823 680 1870 Deus?
705 1818 787 1864 Sed
816 1820 929 1864 Deus
952 1837 1039 1865 non
1061 1820 1139 1865 erit
1160 1857 1171 1876 ‚
1207 1819 1286 1865 nisi
1308 1817 1440 1864 fuerit
1460 1817 1570 1863 ratio
1594 1833 1696 1879 quae

320 1893 474 1937 doceat
501 1892 637 1935 Deum
666 1908 751 1935 esse
783 1890 954 1937 debere.
994 1891 1122 1936 Ratio
1147 1906 1320 1954 quoque
1352 1906 1438 1935 non
1475 1887 1584 1943 erit,
1615 1886 1695 1933 nisi

324 1965 438 2008 Deus
457 1962 551 2006 erit.
586 1960 708 2005 Nihil
732 1977 830 2019 ergo
849 1960 910 2005 ibi
933 1960 1126 2023 primum
1151 1971 1192 2006 et
1212 1969 1495 2023 postremum.
1528 1958 1695 2002 Natura

321 2050 420 2092 orgo
444 2032 541 2077 haec
573 2030 720 2076 divina
746 2030 873 2075 simul
893 2030 1083 2093 quodam
1106 2030 1235 2076 modo
1253 2030 1388 2076 habet
1417 2038 1460 2074 et
1485 2029 1694 2073 rationem

321 2115 363 2150 et
390 2105 541 2148 Deum.
576 2102 717 2146 Unum
743 2111 883 2146 autem
909 2118 1044 2146 unum
1069 2112 1268 2162 generat,
1294 2110 1367 2146 aut
1393 2098 1501 2145 ratio
1519 2103 1662 2145 Deum
1679 2134 1691 2154 ‚

322 2185 396 2219 aut
419 2174 530 2218 Deus
563 2171 786 2219 rationem.
821 2171 1077 2230 Subjectum
1110 2183 1277 2227 autem,
1317 2180 1390 2216 aut
1419 2170 1465 2216 in
1494 2168 1694 2229 subjecto

322 2243 431 2288 sorte
456 2241 630 2287 dicatur
653 2241 763 2286 ratio
785 2251 826 2286 et
850 2243 976 2288 Deus,
1013 2242 1124 2287 Deus
1152 2252 1192 2287 et
1223 2234 1334 2286 ratio
1366 2257 1477 2286 unus
1511 2240 1553 2285 in
1585 2255 1686 2285 uno.

321 2315 436 2359 Bene
463 2323 604 2357 autem
636 2315 753 2356 Deus
783 2322 954 2370 generat
984 2312 1193 2356 rationem
1223 2329 1233 2355 :
1273 2311 1378 2374 quia
1413 2309 1522 2355 ratio
1553 2309 1694 2353 Deum

320 2403 405 2429 csso
423 2384 702 2429 demonstrat.
735 2382 991 2441 intelligitur
1012 2393 1152 2428 autem
1177 2383 1290 2427 Deus
1312 2400 1333 2428 a
1357 2381 1521 2427 ratione
1542 2389 1590 2425 ut
1615 2379 1691 2424 Fi!

320 2456 402 2502 lius
421 2473 443 2500 a
465 2456 592 2499 Patre
611 2490 621 2508 ‚
642 2465 684 2499 ot
703 2454 810 2498 ratio
830 2471 852 2498 a
884 2454 990 2508 Deo,
1015 2464 1063 2499 ut
1080 2456 1209 2499 Pater
1230 2471 1252 2498 a
1278 2452 1383 2499 filio.
1415 2451 1526 2497 Nam
1541 2460 1583 2495 et
1598 2449 1693 2512 ipsa

321 2527 431 2573 ratio
465 2541 566 2572 cum
609 2525 698 2570 Deo
724 2525 838 2570 Deus
874 2535 948 2570 est.
991 2525 1138 2587 Neque
1167 2523 1281 2569 enim
1317 2524 1432 2574 Deus
1457 2517 1692 2584 aliquando

319 2599 407 2644 sine
432 2595 595 2642 ratione
616 2593 715 2652 fuit,
744 2605 818 2641 aut
840 2594 948 2641 ratio
972 2593 1060 2640 sine
1077 2597 1184 2641 Deo.
1210 2593 1336 2640 Tunc
1353 2592 1466 2639 enim
1493 2591 1610 2637 Deus
1630 2598 1695 2636 est
