1799 3251
573 257 785 289 ErisrorA
822 256 936 290 cxri.
1370 249 1424 297 81

68 324 231 382 fuerat,
271 335 469 389 receptus
509 323 789 384 adengitur3
822 325 855 370 si
889 324 1018 370 etiam
1057 323 1160 388 ipsis
1194 328 1318 374 sociis
1350 332 1436 379 suis

70 397 355 443 Maximianus
376 414 464 442 non
483 396 769 460 praejudicat,
799 396 959 460 quibus
985 395 1055 441 isti
1080 395 1330 446 dilationem
1355 402 1436 448 de-

70 466 248 524 derunt,
270 467 459 513 dicentes
477 483 548 513 eos
565 468 621 513 ab
643 466 718 512 illo
735 504 746 523 ,
768 483 867 512 cum
886 483 974 530 quo
990 465 1186 522 fuerunt,
1206 485 1294 514 non
1310 470 1438 519 fuisse

68 538 281 602 pollutos,
309 538 410 602 quia
439 559 459 580 «
478 539 567 584 Nec
591 555 723 584 causa
746 554 889 583 causae
911 536 1174 601 praerdicat
1191 576 1202 595 ,
1231 557 1309 586 nec
1329 560 1436 606 per-

70 630 90 651 »
113 626 215 655 sona
235 626 444 672 personae.
472 631 492 651 »

134 680 233 726 Vll.
279 679 397 736 Quid
435 696 534 739 ergo
578 678 777 742 quaeritis
817 678 1036 742 amplius)
1077 679 1230 725 Multis
1261 681 1440 744 quidem

68 751 213 810 verbis
240 750 468 814 superfluis
493 752 620 796 Gesta
642 760 959 804 oneraverunt3
983 759 1024 794 et
1053 751 1154 812 quia
1178 768 1265 796 non
1290 764 1442 815 potue-

69 832 170 867 runt
187 821 352 867 efficere
369 832 419 867 ut
441 837 567 867 causa
585 837 673 865 non
694 830 904 880 ageretur,
930 820 1015 865 hoc
1041 819 1235 867 fecerunt
1253 823 1442 871 inultum

69 891 313 956 loquendo,
343 902 390 936 ut
413 890 533 955 quod
564 901 707 936 actum
730 901 791 935 est
812 889 987 935 difficile
1013 889 1237 949 legeretur.
1263 892 1348 940 Sed
1372 895 1444 941 de-

69 963 175 1009 bent
196 962 320 1008 vobis
355 963 484 1007 etiam
523 962 603 1007 ista
642 978 790 1007 eorum
815 978 956 1024 pauca
984 961 1115 1006 verba
1137 962 1357 1022 sufficere,
1392 983 1446 1011 ne

70 1044 249 1096 propter
272 1032 413 1077 nescio
434 1049 559 1095 quae,
585 1031 729 1077 nescio
761 1048 948 1095 quorum
980 1031 1210 1078 hominum
1237 1034 1443 1094 crimina,

72 1103 246 1149 oderitis
262 1103 472 1149 unitatem
488 1102 720 1148 catholicae
737 1102 940 1147 Ecclesiae
962 1120 970 1146 :
994 1102 1092 1165 quia
1109 1103 1219 1148 sicut
1235 1104 1316 1168 ipsi
1335 1106 1448 1153 dixe-

72 1185 190 1228 runt,
212 1173 469 1232 relegerunt,
488 1172 838 1236 subscripserunt
857 1190 866 1217 ε
885 1194 904 1213 ε(
926 1173 1012 1217 Nec
1032 1189 1159 1217 causa
1179 1191 1319 1221 causae
1337 1194 1448 1240 prae-

73 1266 94 1285 >1
113 1244 313 1303 judicat,
341 1260 417 1288 nec
442 1259 623 1306 persona
648 1260 860 1306 personae.
888 1266 906 1284 2>
933 1245 1042 1288 Nam
1072 1254 1112 1288 et
1137 1243 1181 1288 in
1208 1244 1299 1308 ipsa
1323 1264 1449 1294 causa

72 1314 297 1361 Caeciliani
315 1350 326 1368 ,
352 1329 483 1375 quam
509 1311 610 1358 licet
637 1313 691 1358 ad
714 1313 918 1358 Ecclesia?
937 1330 1106 1358 causam
1131 1331 1215 1359 non
1233 1318 1450 1378 pcrtinen-

74 1395 186 1440 tem,
215 1394 359 1429 tamen
386 1381 703 1428 defendendam
737 1383 1030 1446 suscepimus,
1065 1394 1111 1428 ut
1136 1384 1264 1430 ctiam
1298 1387 1359 1433 ibi
1381 1405 1451 1434 ca-

71 1455 251 1501 lumniae
272 1454 652 1503 manifestarentur
669 1455 865 1517 ipsorum
885 1491 896 1510 ,
922 1454 1187 1517 apertissime
1207 1456 1308 1503 victi
1322 1470 1422 1504 sunt
1440 1497 1452 1517 ,

72 1526 271 1589 nihilque
284 1541 432 1570 eorum
452 1541 552 1587 quae
569 1525 614 1570 in
630 1524 913 1571 Caecilianum
934 1523 1244 1582 intendebant,
1264 1528 1456 1590 probare

72 1605 322 1661 potuerunt.
353 1596 540 1658 Insuper
562 1596 689 1641 etiam
724 1594 777 1640 de
807 1594 1066 1640 criminibus
1104 1596 1346 1644 traditionis
1372 1597 1451 1646 nors

72 1665 336 1730 episcopalia
357 1665 484 1710 Gesta
508 1663 808 1734 protulimus¹,
833 1664 948 1709 unde
978 1665 1254 1712 recitavimus
1283 1667 1449 1732 aliquos

72 1755 219 1783 corum
239 1737 544 1800 episcoporum
565 1773 574 1791 ,
601 1737 678 1800 qui
700 1736 927 1781 sententias
948 1735 992 1780 in
1014 1735 1233 1782 absentem
1258 1737 1453 1785 dixerant

75 1807 357 1854 Caecilianum
375 1843 385 1860 ,
425 1805 789 1851 manifestissimos
829 1804 959 1850 fuisse
997 1804 1235 1852 traditores.
1286 1808 1451 1855 Contra

75 1875 565 1941 Ipsa(}e&aissi,tpna
593 1893 681 1921 non
706 1874 1073 1938 habebantquod
1103 1874 1450 1935 dhxffent‚fhka

73 1966 158 1994 esse
177 1948 398 2000 dixerunt3
425 1947 497 1991 sed
522 1945 642 1991 nullo
671 1944 802 1991 modo
818 1945 1006 2009 probare
1029 1955 1281 2007 potuerunt.

139 2019 261 2065 Vlll.
309 2019 490 2079 Insuper
526 2018 654 2061 etiam
693 2015 872 2061 confessi
915 2025 1014 2060 sunt
1035 2052 1045 2071 ,
1079 2014 1146 2080 τοὶ
1182 2017 1330 2078 potius
1368 2037 1449 2082 pro

75 2106 229 2148 magna
258 2088 392 2148 gloria
412 2086 593 2150 professi
622 2097 742 2142 sunt,
773 2085 1056 2131 Caecilianum
1085 2086 1202 2147 apud
1232 2087 1450 2134 Constan-

76 2161 212 2205 tinum
239 2161 548 2222 Imperatorem
582 2175 601 2201 a
635 2157 719 2201 suis
743 2155 1078 2219 praecessoribus
1099 2167 1363 2206 accusatum.
1392 2164 1448 2206 Et

76 2228 658 2279 addnhffuntrnendacnnn,
684 2226 1446 2290 quodisssszuwnffianffibusfuefitab

78 2304 343 2364 imperatore
361 2299 602 2344 damnatus.
638 2299 750 2342 Ecce
776 2307 816 2341 et
838 2297 943 2341 hinc
964 2296 1066 2341 victi
1088 2307 1186 2342 sunt
1205 2334 1215 2353 ,
1239 2300 1352 2346 unde
1374 2318 1448 2347 vo-

76 2371 143 2417 his
171 2371 306 2417 soient
342 2367 522 2415 nebulas
559 2368 714 2413 erroris
751 2366 998 2422 offundere,
1027 2368 1290 2415 concitantes
1324 2372 1450 2419 nobis

77 2438 285 2489 invidiam
303 2475 315 2496 ,
338 2449 379 2485 et
397 2439 441 2485 in
462 2436 608 2484 odium
625 2447 813 2485 vestrum
835 2453 911 2482 nos
938 2433 1223 2495 adducentes,
1245 2440 1346 2503 quia
1368 2442 1450 2490 Ec.

127 2542 137 2564 ¹
157 2538 307 2573 Cirtensis
335 2539 432 2570 Cone.
463 2548 515 2571 au.
551 2537 612 2569 305
642 2536 743 2569 habiti
759 2562 769 2581 ‚
791 2545 861 2579 quae
882 2540 991 2567 estant
1008 2533 1041 2567 in
1060 2536 1114 2570 lib.
1138 2537 1154 2568 3
1172 2545 1282 2573 contra
1299 2542 1450 2578 eruscon.

79 2609 150 2641 cap.
172 2606 226 2635 27·

213 2660 376 2697 chvrn
1301 2648 1330 2695 6
