1799 3251
572 282 781 313 aeisroLA
818 282 963 315 ctxvr.
1357 271 1449 337 337

84 355 187 397 tur?
212 350 344 407 Quasi
369 348 505 412 possit
542 365 628 394 esse
663 348 861 393 meritum
897 349 1186 406 innocentiae‚
1223 362 1454 416 antequam

82 422 265 485 quisque
299 437 452 465 nocere
489 417 651 482 aliquid
677 418 826 480 possit.
858 419 969 464 Cum
995 430 1136 465 autem
1163 421 1267 466 boni
1290 422 1454 486 aliquid

83 502 287 554 operatur
313 492 426 535 Deus
455 490 497 534 in
522 488 819 534 emendatione
845 493 1057 549 majorum
1078 527 1088 545 ‚
1117 508 1216 536 cum
1242 493 1454 555 parvulo-

82 577 179 606 rum
204 577 379 606 suorum
401 597 411 616 ,
435 559 511 623 qui
532 559 589 604 eis
610 558 731 604 chari
756 569 855 603 sunt
878 595 887 614 ‚
917 559 1141 606 doloribus
1162 579 1209 606 ac
1235 563 1454 609 mortibus

83 630 370 690 flagellantur,
399 647 478 676 cur
496 630 573 674 ista
596 646 682 674 non
708 629 814 673 fiant
830 665 841 685 ,
866 629 1043 692 quando
1061 647 1161 676 cum
1189 633 1450 690 transierint,

81 717 162 764 pro
181 717 269 745 non
293 700 416 745 factis
437 710 563 745 erunt
581 736 591 755 ‚
619 699 663 744 in
688 698 849 762 quibus
866 698 976 744 facta
997 710 1096 745 sunt
1114 717 1124 744 z
1150 712 1329 764 propter
1346 720 1457 765 quos

82 780 225 815 autem
262 768 376 814 facta
411 780 542 825 sunt,
580 778 655 813 aut
691 767 885 813 meliores
922 779 1049 813 erunt
1084 769 1118 814 si
1144 771 1458 833 temporalibus

80 838 369 886 incommodis
408 838 660 894 emendati,
704 838 863 883 rectius
911 838 1114 898 elegerint
1152 840 1331 895 vivere3
1382 850 1459 886 aut

82 910 396 956 excusationem
419 909 463 954 in
487 908 623 955 futuri
651 907 809 968 judicii
839 908 1058 971 supplicio
1090 926 1177 954 non
1197 909 1458 968 habebunt,

81 979 117 1025 si
138 979 239 1025 vitae
264 979 397 1039 hujus
422 979 653 1039 angoribus
674 1013 684 1033 ‚
721 977 775 1023 ad
802 988 1010 1024 aeternam
1036 979 1170 1025 vitam
1198 979 1461 1026 desiderium

82 1059 329 1096 convertere
352 1049 619 1095 noluerunt?
650 1048 758 1106 Quis
785 1059 926 1094 autem
959 1049 1081 1096 novit
1110 1050 1218 1113 quid
1235 1050 1457 1114 parvulis,

81 1119 136 1165 de
171 1137 358 1184 quorum
393 1120 660 1166 cruciatibus
703 1120 865 1166 duritia
899 1124 1114 1180 majorum
1153 1122 1458 1180 contunditur,

83 1201 157 1237 aut
193 1202 412 1237 exercetur
441 1191 546 1237 fides
569 1228 579 1246 ‚
616 1201 690 1237 aut
729 1191 1022 1237 misericordia
1061 1192 1280 1255 probatur
1315 1211 1325 1238 :
1361 1193 1459 1257 quis

82 1261 322 1321 ergonovit
345 1261 454 1324 quid
474 1261 579 1324 ipsis
602 1261 796 1324 parvulis
818 1262 862 1306 in
883 1271 1046 1307 secreto
1065 1262 1333 1322 judiciorum
1355 1280 1461 1310 suo-

82 1347 177 1377 rum
192 1332 322 1377 bonae
340 1332 702 1394 compensationis
721 1341 902 1376 reservet
918 1332 1061 1377 Deus?
1084 1332 1302 1389 Quoniam
1324 1350 1464 1396 quan-

81 1417 213 1465 quam
246 1400 360 1446 nihil
389 1412 504 1446 recte
533 1401 737 1457 fecerint,
774 1412 919 1446 tamen
941 1418 1019 1446 nec
1040 1411 1270 1464 peccantes
1291 1402 1458 1466 aliquid

79 1470 159 1517 ista
184 1469 377 1534 perpessi
409 1481 522 1517 sunt.
551 1472 651 1517 Non
685 1472 798 1516 enim
834 1471 993 1516 frustra
1024 1473 1152 1517 etiam
1186 1472 1370 1518 infantes
1400 1472 1457 1518 il-

81 1539 171 1597 los,
215 1540 293 1603 qui
324 1556 426 1585 curn
452 1541 667 1587 Dominus
699 1552 842 1586 noster
867 1541 989 1586 Jesus
1014 1540 1213 1587 Christus
1237 1542 1459 1588 necandus

81 1611 139 1657 ab
175 1610 350 1656 Herode
374 1623 657 1674 quaereretur,
683 1612 814 1657 occisi
847 1621 972 1667 sunt,
1009 1611 1055 1657 in
1086 1612 1298 1658 honorem
1336 1614 1459 1659 Mar-

81 1691 230 1744 tyrum
251 1691 447 1743 receptos
466 1681 744 1728 commendat
766 1681 970 1728 Ecclesia.
992 1681 1006 1742 ]

145 1751 266 1798 XIX.
300 1751 409 1797 Haec
439 1763 545 1798 tunc
578 1752 694 1808 dixi,
724 1769 824 1798 cum
848 1751 964 1797 hanc
997 1752 1136 1815 ipsam
1162 1752 1215 1798 de
1232 1770 1319 1817 qua
1341 1771 1458 1800 nunc

81 1822 223 1883 agitur
255 1821 409 1868 vellem
440 1824 710 1869 communire
739 1822 1009 1869 sententiam.
1038 1822 1160 1868 Sicut
1181 1825 1294 1869 enim
1324 1825 1456 1888 paulo

81 1902 178 1938 ante
198 1893 562 1949 commemoravi,
588 1909 880 1956 quaecumque
916 1891 1090 1937 illarum
1118 1892 1172 1938 de
1205 1893 1361 1939 animae
1382 1894 1455 1940 in-

80 1962 329 2008 carnatione
357 1974 547 2026 quatuor
580 1963 839 2026 opinionum
873 1978 971 2008 vera
1007 1972 1144 2017 esset,
1180 1962 1452 2026 inculpatam

79 2032 366 2079 substantiam
394 2034 635 2089 creatoris,
671 2043 712 2079 et
737 2052 758 2079 a
784 2042 1030 2078 nostrorum
1068 2043 1349 2096 peccatorum
1378 2052 1453 2080 so-

80 2104 232 2149 cietate
269 2104 595 2150 remotissimam
630 2104 801 2149 nitebar
836 2102 1071 2149 ostendere.
1110 2103 1164 2148 Et
1197 2103 1295 2149 ideo
1326 2122 1453 2169 quae-

80 2190 270 2238 cumque
287 2174 459 2220 illarum
480 2175 657 2221 veritate
680 2184 823 2238 posset
844 2173 1048 2219 convinci
1073 2184 1114 2218 et
1135 2175 1375 2237 repudiari,
1398 2176 1453 2222 ad

81 2261 231 2291 curam
256 2245 507 2291 intentionis
523 2263 646 2302 meze,
668 2263 798 2310 quam
822 2256 927 2291 tune
942 2244 1182 2300 habebam,
1208 2262 1294 2291 non
1314 2249 1455 2309 perti-

80 2316 214 2361 nebat
241 2333 252 2360 :
285 2316 643 2380 quandoquidem
668 2316 836 2362 cunctis
868 2314 1138 2374 diligentiore
1161 2314 1457 2378 disputatione

82 2383 285 2431 discussis
304 2423 313 2441 ,
353 2403 643 2450 quaecumque
672 2385 845 2431 illarum
874 2395 988 2429 recte
1022 2384 1214 2429 vinceret
1252 2396 1454 2443 caeteras,

80 2472 151 2502 me
173 2457 444 2503 securissimo
468 2458 604 2513 fieret,
629 2456 805 2521 quando
823 2456 952 2502 etiam
968 2454 1204 2501 secundum
1231 2473 1377 2503 omnes
1393 2457 1457 2515 id,

82 2525 202 2590 quod
221 2528 399 2588 agebam
418 2565 428 2585 ,
450 2528 662 2574 invictum
681 2527 907 2591 persistere
930 2524 1300 2573 demonstrabam.
1331 2528 1369 2573 N
1375 2543 1461 2574 unc

81 2611 184 2644 vero
223 2614 380 2657 unam,
419 2599 517 2645 volo
554 2599 587 2646 si
626 2615 822 2664 possum,
863 2596 1028 2644 ratione
1071 2607 1186 2644 recta
1223 2597 1374 2659 eligere
1415 2616 1462 2646 ex

206 2685 373 2717 extvn.
1271 2685 1326 2714 22
