1799 3251
532 287 746 319 EPISTOLA
782 289 896 319 extr.
1336 277 1398 326 83

32 353 116 400 51115
140 353 257 418 apud
279 353 388 399 Acta
410 352 514 399 risos
531 370 573 400 se
598 371 684 400 esse
706 355 843 401 testati
869 366 981 402 sunt.
1004 357 1165 402 Iterum
1186 358 1400 406 recitavffl

32 436 135 470 runt
157 435 197 469 et
225 423 502 488 protulerunt
533 423 730 470 libellum
767 426 1026 489 Imperatori
1061 428 1346 475 Constantino
1378 449 1401 476 a

32 495 117 541 suis
137 495 375 555 majoribus
393 494 544 540 datum
560 532 570 551 ,
594 494 672 541 uhi
695 497 833 559 questi
858 507 956 542 sunt
974 534 984 553 ‚
1010 497 1128 561 quod
1148 516 1218 544 eos
1236 517 1404 546 memo-

31 576 148 611 ratus
183 566 426 628 Imperator
459 564 647 625 graviter
686 577 1040 630 persequeretur3
1081 585 1130 614 ac
1164 569 1225 615 sic
1253 569 1405 615 eodem

31 636 180 683 libello
206 635 534 682 manifestarunt
563 654 604 682 se
635 637 752 700 apud
782 639 1091 701 Imperatorem
1118 658 1138 684 a
1169 640 1406 687 Caeciliano

31 707 159 754 fuisse
184 718 406 771 superatos
423 744 435 763 ‚
461 707 706 770 falsumque
729 726 815 754 esse
839 709 957 772 quod
982 709 1201 765 dixerant,
1226 728 1327 757 eum
1352 712 1408 757 ab

32 779 299 842 Imperatore
327 777 601 827 damnatum.
630 780 1082 843 Tertioprotulerunt
1104 780 1266 828 litteras
1289 787 1410 842 ejus-

32 850 130 896 dem
154 850 425 897 Constantini
458 850 513 898 ad
549 851 767 897 vicarium
795 852 1004 898 Verinum
1038 853 1187 910 datas,
1226 854 1304 899 uhi
1339 871 1410 900 eos

32 922 217 983 graviter
236 922 488 978 detestatur,
504 932 545 968 et
559 934 789 987 propterea
808 923 916 979 dicit
932 924 984 970 de
996 924 1120 971 exilio
1138 925 1407 976 relaxandos.

32 993 222 1040 etfurori
243 1011 320 1040 suo
341 993 623 1040 dimittendos
639 1033 650 1052 ,
672 995 878 1059 quiajam
902 996 1016 1042 Deus
1036 1008 1233 1060 coeperat
1252 998 1294 1044 in
1316 998 1413 1044 illos

32 1064 253 1111 vindicare
272 1082 282 1110 ε
300 1082 348 1111 ac
366 1064 425 1110 sic
444 1065 572 1112 etiam
593 1066 683 1112 istis
706 1067 986 1130 Imperatoris
1004 1067 1156 1114 litteris
1174 1069 1412 1115 confirma-

33 1146 243 1182 veruntse
258 1134 412 1182 falsum
432 1135 583 1182 dixisse
598 1174 609 1193 ,
633 1136 753 1200 quod
779 1137 1040 1192 Caecilianus
1063 1139 1118 1184 ab
1141 1139 1412 1202 Imperatore

34 1207 264 1253 damnatus
287 1207 365 1265 sit3
399 1224 501 1253 cuin
538 1208 684 1271 potius
722 1210 965 1272 Imperator
991 1210 1106 1274 ipsos
1128 1228 1150 1256 a
1176 1210 1413 1257 Caeciliano

34 1279 169 1325 victos
184 1295 269 1324 esse
293 1279 620 1335 monstraverit,
647 1279 825 1343 quando
845 1297 914 1325 eos
939 1280 1216 1333 vehementer
1232 1297 1407 1326 execra-

36 1360 128 1405 tus,
146 1348 383 1411 ideojussit
408 1359 454 1399 ut
478 1348 530 1394 de
545 1348 668 1395 exilio
689 1349 1027 1406 dimitterentur,
1051 1361 1098 1396 ut
1118 1354 1212 1397 Deo
1234 1350 1403 1411 judice,

35 1421 145 1467 sicut
169 1424 314 1481 etjam
338 1431 588 1484 coeperant,
617 1422 895 1487 punirentur.

100 1494 154 1540 X.
190 1495 344 1539 Postea
383 1492 535 1546 Felicis
562 1494 853 1557 Aptungensis
886 1493 1146 1540 ordinatoris
1184 1494 1413 1545 Caeciliani

36 1582 209 1611 causam
235 1564 279 1610 in
305 1563 497 1610 medium
521 1564 730 1610 miserunt
746 1602 756 1621 ‚
779 1565 969 1611 dicentes
994 1564 1194 1615 eumdem
1222 1566 1410 1616 Felicem

36 1636 164 1683 fuisse
184 1634 433 1681 traditorem
450 1673 460 1692 ‚
487 1653 510 1680 a
528 1652 616 1699 quo
636 1635 896 1682 Caecilianus
920 1635 1060 1682 fuerat
1080 1637 1304 1685 ordinatus
1329 1657 1341 1687 ε
1368 1651 1410 1686 et

37 1707 232 1770 ejusdem
249 1707 520 1753 Constantini
547 1707 825 1770 Imperatoris
842 1724 922 1771 pro
939 1708 1175 1754 Caeciliano
1193 1720 1344 1757 contra
1367 1728 1411 1757 se

39 1782 153 1846 ipsos
171 1780 336 1826 litteras
359 1778 660 1842 protulerunt,
691 1779 767 1827 ubi
796 1779 849 1826 ad
870 1780 1178 1827 Proconsulem
1207 1783 1403 1846 scripsit,

41 1865 88 1903 ut
118 1852 172 1899 ad
197 1852 464 1898 Comitaturn
483 1868 609 1897 suum
634 1851 876 1898 mitteretur
897 1852 1134 1912 Ingenuus,
1159 1854 1242 1899 Iste
1266 1866 1409 1901 autem

37 1923 260 1984 Ingentius
291 1921 508 1969 consessus
537 1920 676 1967 fuerat
700 1922 743 1968 111
777 1923 1024 1982 cognitione
1042 1923 1193 1969 AEliani
1215 1942 1409 1988 procon-

37 1996 139 2043 sulis
155 1994 312 2041 falsum
331 2011 372 2039 56
385 1992 531 2039 fecisse
553 1992 752 2040 adversus
776 1995 957 2040 Felicem
984 1994 1209 2041 Caeciliani
1227 1996 1404 2043 ordinas

40 2078 187 2115 torem.
222 2066 440 2112 Dicebant
461 2082 560 2125 ergo
579 2065 649 2111 isti
673 2083 759 2111 non
791 2066 879 2112 51116
901 2083 1029 2112 631153
1049 2066 1232 2113 voluisse
1257 2069 1409 2132 Impe-

37 2149 222 2184 ratorem
241 2148 290 2182 ut
314 2136 369 2182 ad
390 2154 432 2182 se
444 2136 686 2182 mitteretur
701 2138 940 2196 Ingentius.
965 2137 1046 2182 nisi
1062 2137 1164 2200 quia
1186 2139 1429 2187 Caeciliani

39 2209 186 2255 adhuc
209 2224 336 2254 causa
364 2206 585 2270 pendebat
610 2225 620 2252 :
648 2218 690 2253 et
713 2207 987 2253 conabantur
1009 2207 1239 2254 immittere
1264 2211 1410 2274 suspi-

38 2281 205 2327 cionem
233 2277 506 2324 vanissimam
524 2315 534 2334 2
552 2278 670 2342 quod
686 2288 969 2342 posteaquam
997 2278 1218 2337 Ingentius
1242 2279 1294 2325 ad
1318 2281 1409 2327 Co-

40 2352 240 2396 mitatum
257 2348 448 2394 directus
465 2359 552 2405 est,
578 2360 680 2394 tunc
699 2351 938 2411 imperator
956 2358 1108 2394 contra
1126 2348 1413 2398 Caecilianum

39 2420 232 2486 potuerit
257 2418 456 2480 Judicai·e
472 2457 482 2475 ‚
506 2431 547 2466 et
565 2420 673 2466 illud
696 2420 919 2479 judicium
947 2435 1071 2464 suum
1097 2419 1218 2483 quod
1243 2438 1320 2467 nos
1343 2440 1414 2468 re-

41 2492 325 2539 citaveramus
340 2527 350 2547 ,
383 2490 460 2536 ubi
483 2490 594 2536 inter
616 2501 760 2554 partes
788 2500 1048 2550 cognoverat
1067 2527 1077 2545 ,
1099 2490 1414 2538 Caecilianum-

39 2579 125 2627 que
146 2572 432 2626 purgaverat,
465 2562 675 2608 sententia
699 2562 937 2626 posteriore
957 2560 1210 2608 rescindere.
1234 2561 1319 2608 Sed
1342 2564 1416 2611 di-

40 2633 219 2679 cebatur
251 2631 335 2689 615,
379 2642 425 2679 ut
457 2631 543 2679 hoc
582 2633 730 2696 potius
767 2632 984 2693 legerent3
1013 2642 1053 2679 et
1088 2631 1200 2679 nihil
1240 2635 1419 2682 omnino
