1799 3251
366 290 453 337 106
780 303 817 334 s·
859 302 1105 334 Avensa-nu
1140 300 1346 333 EPISCOPI

357 372 510 417 timore
544 369 828 417 cohaeremus.
859 368 1026 414 Deinde
1055 367 1402 415 commemoratis
1428 366 1512 426 eis,
1539 385 1639 433 quae
1662 367 1732 416 vi-

356 441 517 487 dentur
555 437 717 485 habere
742 437 989 484 violentiam
1005 475 1016 493 ‚
1046 456 1124 484 nec
1147 450 1291 485 tamen
1314 438 1480 484 habent
1501 439 1732 485 valentiam

355 508 612 573 separandi,
638 509 697 554 ita
722 507 963 562 conclusit,
993 518 1041 554 ut
1069 509 1265 554 eamdem
1289 508 1451 554 diceret
1474 508 1733 555 charitatem

360 581 438 626 Dei
471 595 603 641 quam
642 578 803 623 dixerat
836 577 1014 623 Christi.
1060 579 1113 623 Et
1141 578 1247 642 quid
1277 588 1364 633 est,
1401 600 1421 620 α
1449 582 1486 624 Α
1524 579 1735 625 charitate

358 671 378 690 »
405 648 567 693 Christi
587 685 597 703 ‚
621 668 641 689 ›>
668 647 749 692 nisi
770 665 792 692 a
808 647 1020 695 charitate
1039 649 1251 706 justitiae?
1271 649 1334 693 De
1358 648 1433 693 illo
1450 649 1618 713 quippe
1636 649 1734 695 dic-

363 729 457 764 tum
481 729 544 763 est
562 735 572 762 :
593 739 611 758 «
635 717 722 774 Qui
741 717 876 762 factus
894 728 954 763 est
972 718 1098 763 nobis
1111 718 1319 782 sapientia
1332 736 1354 764 a
1367 719 1476 774 Deo,
1491 730 1532 764 et
1546 719 1733 778 justitia,

362 811 382 830 »
407 799 448 834 et
469 787 753 834 sanctificatio
772 825 782 843 ,
802 787 1102 851 etrcdeuiptio
1116 825 1126 844 ,
1147 800 1193 834 ut
1209 788 1579 851 quemadmodum
1595 789 1735 852 scrip-

364 869 499 904 »tum
526 868 587 903 est
614 875 624 902 :
654 858 742 914 Qui
766 857 991 918 gloriatur,
1014 858 1058 903 in
1083 859 1272 904 Domino
1285 858 1537 919 glorieturst.
1569 879 1590 900 »
1616 858 1738 904 Sicut

363 945 464 988 ergo
496 928 566 974 ille
602 937 663 974 est
695 928 1015 991 iniquissimus,
1043 945 1171 993 quem
1207 946 1285 974 nec
1310 945 1458 992 poenae
1491 928 1736 992 corporales

364 999 579 1045 deterrent
606 999 661 1044 ab
688 998 926 1044 immundis
947 1000 1154 1062 operibus
1174 999 1363 1045 sordidae
1385 999 1649 1062 voluptatis;
1676 999 1739 1044 ita

362 1069 433 1116 ille
448 1069 709 1129 justissimus
727 1106 737 1125 ‚
777 1070 853 1132 qui
887 1087 965 1116 nec
994 1087 1229 1134 poenarum
1261 1070 1555 1133 corporalium
1579 1080 1739 1116 terrore

364 1150 590 1186 revocatur
611 1157 632 1184 a
650 1140 806 1185 sanctis
825 1141 1031 1203 operibus
1045 1141 1392 1187 luminosissimae
1410 1140 1647 1186 charitatis.

430 1209 529 1255 Vll.
558 1210 671 1266 Quae
688 1210 877 1255 charitas
897 1211 998 1265 Dei,
1026 1211 1145 1274 quod
1168 1220 1376 1274 perpetua
1396 1210 1657 1270 cogitatione
1674 1218 1740 1253 te-

366 1279 558 1325 nendum
582 1289 672 1334 est,
690 1279 951 1325 diffunditur
973 1281 1017 1325 in
1034 1280 1240 1326 cordibus
1263 1280 1416 1326 nostris
1433 1297 1512 1343 per
1527 1280 1740 1343 Spiritum

365 1360 590 1405 sanctum,
626 1351 701 1412 qui
727 1349 852 1395 datus
879 1361 940 1396 est
960 1351 1133 1406 nobis2‚
1166 1361 1214 1396 ut
1238 1351 1316 1413 qui
1343 1350 1568 1410 gloriatur,
1590 1350 1635 1396 in
1655 1350 1741 1394 Do-

363 1420 481 1466 mino
507 1420 726 1479 glorietur.
762 1421 872 1465 Cum
900 1437 999 1480 ergo
1020 1437 1095 1466 nos
1117 1421 1252 1480 hujus
1269 1420 1518 1475 charitatis,
1548 1436 1633 1482 qua
1656 1420 1741 1464 Lex

364 1490 580 1535 verissime
607 1489 830 1552 impletur,
864 1507 1075 1555 pauperes
1111 1500 1364 1552 egentesque
1390 1489 1625 1543 sentimus;
1651 1505 1740 1533 non

362 1560 415 1606 de
440 1559 587 1622 inopia
607 1570 749 1605 nostra
766 1559 939 1605 divitias
959 1562 993 1619 ej
1003 1577 1048 1605 us
1064 1560 1225 1619 exigere
1243 1597 1253 1615 ‚
1284 1559 1356 1605 sed
1378 1559 1544 1604 orando
1569 1569 1714 1623 petere
1728 1594 1739 1613 ‚

365 1647 583 1695 quaerere,
609 1630 779 1692 pulsare
809 1630 1039 1684 debemus3
1063 1641 1111 1675 ut
1138 1630 1237 1686 ille,
1265 1629 1383 1693 apud
1403 1646 1533 1693 quem
1560 1639 1621 1675 est
1647 1628 1742 1674 fons

365 1700 492 1754 vitae,
518 1699 591 1744 det
618 1700 743 1745 nobis
762 1700 967 1745 inebriari
992 1700 1047 1745 ab
1078 1701 1273 1746 ubertate
1290 1700 1445 1745 domus
1465 1716 1553 1745 suae
1571 1736 1581 1756 ‚
1606 1708 1646 1744 et
1669 1708 1744 1744 vo-

367 1769 547 1832 luptatis
566 1786 655 1815 suae
677 1769 818 1832 potari
844 1770 1063 1814 torrente³
1090 1787 1100 1814 x
1130 1786 1216 1832 quo
1242 1769 1442 1814 inundati
1474 1780 1603 1833 atque
1622 1784 1744 1828 vege-

367 1840 471 1895 tati,
503 1856 590 1884 non
619 1840 758 1885 solum
786 1840 958 1885 tristitia
985 1857 1072 1885 non
1088 1840 1421 1893 absorbeamur,
1444 1856 1592 1885 verum
1613 1839 1744 1885 etiam

368 1910 599 1970 gloriemur
622 1910 666 1955 in
685 1911 1042 1956 tribulationibus
1061 1948 1070 1966 ,
1094 1911 1272 1956 scientes
1292 1910 1393 1973 quia
1414 1910 1640 1955 tribulatio
1661 1927 1745 1973 pa·-

370 1979 563 2025 tientiam
604 1991 809 2043 operatur
838 2019 848 2036 ,
892 1981 1101 2044 patientia
1148 1980 1454 2044 probationem
1482 2017 1493 2036 ,
1539 1979 1744 2044 probatio

369 2066 488 2113 spem
505 2087 516 2106 ,
541 2067 635 2113 spes
655 2067 754 2096 vero
773 2069 858 2096 non
877 2051 1138 2097 confundi&
1163 2069 1173 2096 ε
1195 2068 1282 2096 non
1303 2051 1404 2113 quia
1434 2066 1512 2113 per
1537 2067 1614 2096 nos
1629 2050 1746 2113 ipsos

371 2120 459 2165 hoc
484 2137 734 2183 possumus,
764 2121 836 2167 sed
861 2122 1065 2184 quoniam
1101 2121 1292 2167 charitas
1324 2120 1403 2166 Dei
1432 2119 1586 2165 diffusa
1615 2119 1745 2166 estin

372 2190 580 2236 cordibus
616 2192 769 2237 nostris
804 2208 882 2255 per
912 2192 1127 2256 Spiritum
1164 2201 1387 2248 sanctum,
1425 2190 1503 2255 qui
1528 2189 1655 2236 datus
1685 2199 1746 2235 est

376 2260 517 2306 nobis.

435 2330 559 2377 VIII.
591 2330 830 2378 Delectavit
856 2349 924 2377 me
957 2331 1037 2377 ista
1073 2330 1224 2377 saltem
1254 2348 1330 2394 per
1350 2330 1513 2377 litteras
1541 2328 1664 2393 loqui
1687 2339 1746 2375 te-

373 2417 474 2447 cum
491 2437 502 2457 ,
527 2417 627 2464 quae
645 2418 746 2447 cum
766 2413 976 2466 praesente
999 2420 1088 2448 non
1103 2403 1229 2466 potui
1254 2420 1264 2447 z
1290 2412 1332 2448 et
1352 2402 1441 2448 ⁴hoc
1455 2418 1543 2447 non
1565 2409 1746 2464 propter

374 2481 434 2529 te,
458 2471 535 2533 qui
553 2487 640 2516 non
660 2472 743 2517 alta
763 2474 931 2536 sapiens
949 2472 1164 2519 consentis
1184 2471 1447 2530 humilibus3
1471 2469 1543 2518 sed
1563 2480 1746 2534 propter

416 2569 428 2592 ¹
452 2581 464 2600 1
489 2571 564 2602 Cor.
587 2580 617 2610 1,
635 2576 665 2602 et
682 2573 801 2604 Jerem.
826 2583 858 2604 xx
873 2598 882 2615 ,
908 2577 962 2610 24.
982 2589 1029 2596 —
1045 2570 1060 2595 2
1086 2574 1180 2606 Rom.
1208 2583 1240 2616 V,
1263 2572 1297 2606 5.
1315 2590 1358 2597 -
1380 2567 1395 2595 ³
1422 2569 1505 2604 Psal.
1524 2580 1625 2613 xxxv,
1646 2580 1678 2611 9.
1697 2585 1744 2593 —-=

377 2624 391 2650 ⁴
408 2628 500 2658 Rom.
519 2636 547 2664 v,
563 2631 594 2662 4.
