1799 3251
372 288 430 334 92
775 286 810 316 3.
853 286 1097 318 AUGUSTINI
1131 286 1334 318 EPISCOPI

364 351 764 398 riculosissimarum
789 351 1079 413 quaestionum
1119 351 1280 407 libros,
1320 351 1378 397 cle
1421 357 1594 401 Genesi
1623 355 1744 404 scili-

370 433 455 479 cet,
479 432 520 466 et
544 423 603 466 cle
627 426 667 467 T
663 424 870 488 sabrinae,
898 420 1061 466 diutius
1088 431 1209 467 teneo
1223 438 1353 485 quarn
1373 423 1501 469 vultis
1530 436 1571 470 et
1595 426 1740 473 fertis:

371 503 419 537 ut
439 493 472 538 si
491 509 576 537 non
594 490 908 555 potuerintnisi
925 489 1088 535 habere
1108 490 1267 554 aliqua,
1297 509 1395 555 quae
1415 494 1568 540 merito
1592 513 1744 559 repre-

365 562 630 617 hendantur,
661 561 806 607 saltem
844 560 1051 623 pauciora
1084 561 1187 618 sint,
1222 579 1353 626 quam
1380 580 1466 609 esse
1489 577 1677 628 possent,
1707 568 1743 614 si

364 633 579 696 praecipiti
610 632 878 677 festinatione
913 631 1199 677 inconsultius
1222 632 1465 681 ederentur.
1489 636 1574 681 Vos
1606 636 1739 693 euim,

365 714 408 747 ut
432 715 584 747 vestiae
603 702 795 747 indicant
819 702 970 746 tium-te
992 737 1001 755 ,
1028 701 1156 763 (nam
1183 701 1269 747 hoc
1290 702 1399 748 mihi
1415 703 1543 749 ctiam
1567 717 1741 752 sanctus

360 774 488 818 snum·
515 785 552 818 ct
578 774 844 835 coepicopus
881 788 998 817 meus
1036 773 1209 835 scripsit
1246 773 1652 836 Florentius,)i(lco
1694 787 1741 822 ut

362 843 546 889 «uantur
571 845 743 902 urgetis,
765 860 852 906 quo
868 844 1032 906 possint
1057 861 1076 887 a
1094 860 1176 899 me,
1194 843 1298 889 dum
1322 845 1365 889 in
1383 844 1466 890 hac
1481 862 1608 892 carne
1620 849 1737 904 vivo,

364 913 559 961 ‹leit-ndi.
589 931 687 958 cum
733 913 797 958 vol
837 913 891 957 ab
925 912 1112 958 inimicis
1153 913 1481 970 mordentibus,
1509 916 1575 961 vel
1610 917 1739 963 etiam

363 984 418 1028 ab
439 985 585 1029 amicis
610 1001 763 1046 parum
805 982 1162 1042 intelligentibus,
1195 983 1371 1030 sortasse
1394 985 1436 1030 in
1477 986 1738 1049 quibusdam

359 1056 574 1118 coeperint
607 1056 814 1102 accusari.
852 1054 982 1111 Quod
1006 1055 1157 1118 utique
1180 1066 1410 1119 propterea
1436 1056 1595 1113 dicitis,
1625 1060 1728 1121 quia

361 1142 444 1170 non
481 1126 644 1188 putatis
669 1143 754 1171 esse
790 1126 832 1172 in
854 1126 912 1171 cis
941 1125 1122 1189 aliquid,
1147 1125 1268 1189 quod
1291 1143 1389 1172 vera
1414 1128 1548 1190 possit
1572 1130 1738 1176 ratione

357 1195 539 1259 culpari.
591 1196 796 1260 Alioquin
834 1215 898 1242 me
946 1213 1033 1241 non
1078 1196 1130 1241 ad
1167 1213 1316 1242 eorum
1360 1197 1591 1243 editionem
1610 1236 1620 1254 ,
1662 1200 1736 1246 scd

357 1266 407 1311 ad
434 1266 749 1326 diligentiorem
769 1265 1113 1312 emendationem
1144 1267 1289 1329 potius
1313 1266 1611 1315 hortaremini.
1646 1270 1736 1330 Ego

357 1348 497 1383 autem
513 1337 683 1398 jndices
696 1355 832 1393 verm,
851 1348 891 1383 et
906 1338 1082 1383 veritate
1106 1355 1274 1383 severos
1292 1339 1425 1398 magis
1452 1339 1642 1396 intueor,
1664 1341 1736 1386 iu-

355 1420 536 1472 tcr‹plos
552 1421 591 1454 et
615 1426 680 1454 me
698 1408 840 1472 ipsum
857 1409 1061 1471 primitus
1076 1408 1336 1454 constituere
1350 1408 1473 1465 volo3
1492 1419 1538 1454 ut
1565 1409 1618 1455 ad
1633 1410 1735 1456 illos

350 1496 395 1524 ca
411 1490 575 1524 tantum
603 1478 957 1543 reprehendenda
980 1479 1361 1542 perveniant‚quae
1387 1497 1408 1524 a
1432 1497 1511 1535 me,
1530 1482 1733 1543 quamvis

353 1550 503 1596 sedulo
527 1561 839 1614 perscrutante,
862 1550 1037 1595 minime
1059 1550 1194 1595 videri
1222 1561 1476 1614 potuerunt.

415 1622 466 1668 V.
495 1625 606 1678 Quae
627 1639 726 1668 cum
749 1622 808 1667 ita
830 1622 930 1676 sint,
953 1621 1039 1666 hoc
1069 1632 1211 1666 tamen
1241 1621 1359 1684 quod
1390 1621 1431 1666 in
1461 1622 1586 1668 tertio
1612 1623 1731 1670 libro

355 1692 411 1737 (ἕρ
433 1693 599 1738 Libet-o
633 1693 823 1738 arbitrio
848 1709 947 1737 cum
976 1691 1028 1737 dc
1049 1692 1289 1737 substantia
1327 1692 1525 1738 rationali
1546 1710 1729 1753 agerem,

351 1764 409 1808 sic
436 1782 457 1808 a
479 1781 544 1808 me
563 1764 752 1826 positum
774 1773 834 1808 est
859 1762 1074 1808 dicerem:
1098 1784 1117 1803 α
1147 1763 1196 1807 ln
1215 1762 1475 1825 corporibus
1503 1774 1643 1809 autem
1666 1764 1732 1810 in-

353 1831 579 1878 ferioribus
612 1834 754 1878 anima
785 1843 880 1895 post
913 1843 1147 1894 peccatum
1191 1831 1388 1877 ordinata
1430 1832 1537 1892 regit
1573 1850 1733 1898 corpus

353 1920 475 1948 suum
492 1942 501 1950 .
545 1920 630 1948 non
658 1903 774 1948 omni
815 1903 945 1948 modo
973 1921 1053 1966 pro
1089 1903 1268 1948 arbitrio
1287 1940 1296 1957 ‚
1337 1902 1405 1948 scd
1456 1904 1569 1949 sicut
1620 1904 1732 1965 leges

356 1972 641 2018 universitatis
676 1973 821 2017 sinunt
847 2011 854 2018 .
882 1995 899 2013 ⁴»
926 1973 1153 2032 diligenter
1184 1973 1427 2027 advertant,
1457 1974 1529 2036 qui
1572 1985 1732 2037 putant

355 2061 418 2087 me
437 2041 601 2105 aliquid
617 2041 669 2087 de
685 2042 825 2087 anima
847 2043 1035 2088 humana
1065 2043 1181 2088 velut
1200 2053 1364 2089 certum
1383 2045 1577 2089 statuisse
1601 2055 1731 2109 atque

353 2113 501 2157 fixisse.
530 2112 646 2174 quod
676 2112 736 2157 vel
780 2130 822 2157 cx
864 2115 1117 2176 parentibus
1152 2131 1229 2177 per
1254 2114 1538 2177 propaginem
1565 2115 1725 2171 veniat,

354 2183 416 2228 vol
440 2183 479 2227 in
508 2184 677 2227 actibus
711 2184 810 2228 vitat
836 2184 1068 2246 superioris
1090 2195 1218 2248 atque
1243 2183 1428 2229 coelestis
1464 2185 1725 2246 peccaverit,

353 2264 399 2298 ut
426 2253 705 2315 corruptibili
742 2271 869 2299 carne
902 2264 1134 2300 mercretur
1176 2253 1376 2299 includi:
1408 2264 1449 2299 et
1474 2253 1647 2300 videant
1667 2255 1728 2302 sic

350 2343 370 2369 o.
395 2341 458 2368 mc
494 2323 622 2368 turba
651 2323 776 2369 fuisse
816 2341 1040 2387 perpensa,
1078 2336 1126 2370 ut
1155 2334 1320 2370 retento
1346 2341 1395 2369 eo
1415 2323 1533 2387 quod
1559 2336 1728 2372 certum

349 2393 502 2438 liabeo.
523 2404 857 2457 postpcccatum
873 2395 1006 2457 primi
1020 2395 1210 2441 hominis
1229 2405 1351 2440 natos
1365 2411 1450 2439 csse
1471 2405 1597 2458 atque
1611 2395 1728 2442 nasci

350 2474 528 2509 eaeteros
553 2464 746 2510 homines
782 2466 825 2510 in
849 2482 976 2510 carne
1003 2466 1189 2529 peccati,
1217 2465 1287 2511 cui
1321 2464 1525 2510 sanandae
1545 2466 1727 2513 venitin

350 2534 537 2579 Domino
567 2534 806 2580 similitudo
840 2535 979 2580 caruis
1007 2536 1203 2599 peccati,
1242 2535 1300 2581 ita
1338 2534 1482 2581 omnia
1504 2547 1722 2592 sonarent,

351 2603 522 2654 utnulli
546 2604 883 2668 praejudicarent
919 2605 1114 2669 opinioni
1151 2615 1342 2669 quatuor
1386 2603 1556 2652 illarum
1576 2643 1587 2664 ‚
1618 2623 1726 2671 quas
