1799 3251
344 274 429 322 18ss
743 295 776 324 s,
821 291 1062 325 Aususrim
1097 293 1299 325 EPISCOPI

336 358 499 421 prium,
521 360 593 406 sed
607 360 793 424 quadam
809 361 1102 407 similitudinis
1117 361 1282 406 ratione
1304 359 1562 407 translatum
1584 377 1594 405 ι
1612 366 1630 401 <'‹
1651 360 1702 405 Et

339 450 357 470 »
376 432 472 475 estis
492 431 537 476 in
561 430 652 486 illo,
680 431 839 495 inquit,
866 432 1036 495 repleti,
1057 432 1133 494 qui
1151 441 1212 476 est
1228 442 1360 494 caput
1376 430 1514 476 omnis
1531 429 1701 493 princi-

337 521 356 541 »
380 512 509 563 patus
526 512 566 547 et
589 496 854 564 potestatisl.
881 523 900 543 υ
919 505 999 547 Per
1019 502 1292 565 principatus
1307 501 1420 546 enim
1444 511 1486 546 et
1508 507 1700 564 potesta-

335 581 394 615 tes
411 572 656 634 superstitio
670 572 891 632 gentilium
911 573 978 618 vel
997 572 1259 635 Philosophi
1272 564 1536 617 seducebant
1555 608 1564 624 ‚
1589 587 1700 634 prae-

333 641 526 688 dicantes
550 643 668 689 illam
687 681 699 700 ‚
731 661 862 707 quam
901 654 1058 689 vocant
1087 643 1349 702 theologiam
1388 658 1465 705 per
1493 640 1699 687 elementa

334 708 465 771 hujus
492 713 658 760 mundi.
692 717 838 777 Caput
860 724 1001 759 autem
1026 713 1220 759 omnium
1249 711 1493 767 Christum,
1525 711 1698 774 princi*-

330 782 453 845 pium
477 785 671 829 omnium
693 785 831 830 voluit
854 784 1051 843 intelligi,
1076 783 1187 828 sicut
1205 783 1313 845 ipse,
1336 799 1436 828 cum
1458 781 1495 826 ei
1528 780 1697 827 dictum

328 863 450 908 esset,
473 875 493 894 c<
513 855 580 899 Tu
598 855 694 918 quis
714 858 782 901 es?
807 879 824 896 »
842 854 1077 918 respondit.
1112 853 1420 916 «Principium
1447 851 1550 916 quia
1567 862 1609 897 et
1625 850 1696 898 lo-

333 943 352 963 »
371 939 483 985 quor
504 925 668 971 vobis‘2.
700 926 860 972 Omnia
887 927 997 971 enim
1019 943 1096 989 per
1119 925 1263 988 ipsum
1276 923 1389 969 facta
1404 932 1521 979 sunt,
1544 932 1586 968 et
1608 922 1696 968 sine

327 1014 347 1034 >2
368 995 462 1057 ipso
482 993 646 1042 factum
666 1009 728 1042 est
752 999 877 1045 nihil.
904 997 1201 1043 »mirabiliter
1224 1006 1366 1041 autem
1398 994 1492 1040 vult
1515 1011 1586 1040 eos
1609 1011 1695 1040 esse

325 1064 483 1111 horum
524 1067 639 1113 velut
682 1069 950 1115 mirabilium
990 1078 1312 1131 contemptores
1328 1104 1337 1122 ‚
1374 1083 1474 1112 eum
1513 1082 1583 1111 eos
1621 1081 1694 1111 os-

327 1136 464 1180 tendit
488 1153 646 1199 corpus
670 1138 804 1184 factos
822 1139 938 1184 illius
961 1138 1133 1201 capitis,
1161 1137 1347 1183 dicendo
1373 1154 1383 1180 :
1412 1158 1432 1177 «
1453 1137 1508 1181 Et
1530 1136 1627 1181 estis
1648 1135 1694 1181 in

323 1225 342 1244 υ
365 1205 439 1250 illo
466 1207 638 1270 repleti,
668 1210 744 1272 qui
779 1222 839 1255 est
863 1220 996 1273 caput
1020 1208 1158 1254 omnis
1180 1207 1454 1271 principatus
1471 1216 1513 1251 et
1543 1216 1693 1269 potes-

325 1297 345 1316 »
375 1286 471 1322 tatis
491 1315 498 1324 .
536 1302 553 1319 κ,

386 1348 544 1395 XXVI.
568 1350 681 1395 Hinc
702 1355 792 1410 jam
813 1370 862 1396 ne
888 1351 1054 1397 umbris
1071 1349 1287 1394 Juda‘ismi
1305 1347 1586 1403 seducantur,
1611 1340 1692 1392 ad-

314 1420 460 1479 jungit
490 1438 499 1464 :
532 1443 551 1461 α
577 1422 627 1466 In
653 1439 739 1484 quo
766 1424 892 1468 etiam
927 1420 1174 1467 circumcisi
1213 1421 1328 1473 estis,
1362 1417 1691 1464 circumcisione

322 1509 341 1528 ›>
365 1506 451 1534 non
477 1492 723 1537 manufacta
740 1493 784 1537 in
806 1491 1089 1555 expoliatione
1112 1489 1306 1552 corporis
1328 1488 1469 1533 carnis
1487 1487 1504 1516 3
1526 1505 1536 1532 :
1559 1510 1577 1528 »
1602 1487 1686 1542 vel,

316 1558 428 1604 sicut
452 1560 584 1624 aliqui
610 1563 775 1608 liabent
802 1581 812 1607 ε
837 1586 857 1604 «,<
884 1564 934 1607 ln
958 1561 1244 1625 expoliatione
1265 1559 1460 1622 corporis
1481 1568 1690 1621 peccato-

319 1651 337 1669 »
364 1646 458 1674 rum
486 1633 643 1687 carnis,
667 1633 710 1678 iu
738 1633 1068 1679 circumcisione
1093 1630 1277 1684 Christi,
1306 1628 1550 1692 consepulti
1574 1628 1614 1674 eiv
1645 1628 1688 1673 in

312 1720 331 1740 »
350 1700 586 1763 baptismo,
607 1704 651 1748 in
674 1721 762 1767 quo
787 1716 827 1749 et
855 1703 1176 1749 consurrexistis
1203 1718 1279 1764 per
1311 1699 1439 1745 fidem
1466 1699 1688 1763 operatio-

315 1792 335 1810 »
361 1772 425 1816 nis
451 1773 545 1823 Dei,
571 1774 644 1836 qui
673 1775 896 1819 suscitavit
920 1773 1041 1818 illum
1062 1791 1081 1817 a
1111 1770 1333 1817 mortuis&
1362 1793 1381 1812 >2
1401 1770 1511 1815 Vide
1531 1786 1688 1833 quem-

315 1841 550 1888 admodum
571 1855 612 1889 et
634 1845 707 1889 hic
722 1862 882 1907 corpus
904 1843 1068 1889 Christi
1089 1860 1158 1886 eos
1176 1841 1380 1889 ostendit⁴
1407 1851 1453 1885 ut
1476 1841 1553 1885 ista
1575 1856 1686 1884 con-

315 1923 524 1967 temnant,
555 1915 822 1960 cohaerentes
861 1925 978 1959 tanto
1016 1913 1149 1975 capiti
1183 1929 1259 1957 suo
1281 1911 1505 1957 mediatori
1544 1910 1621 1955 Dei
1645 1920 1687 1955 et

314 1983 541 2029 hominum
569 1986 744 2030 Christo
778 1986 898 2039 «lesu,
921 1996 961 2029 et
988 1984 1154 2028 nullum
1175 1982 1332 2027 falsum
1357 1982 1423 2027 vel
1442 1980 1682 2026 invalidum

317 2055 504 2100 medium
527 2093 536 2110 ‚
580 2073 658 2118 per
691 2055 809 2119 quod
852 2057 943 2099 Deo
977 2054 1245 2100 cohaereant.
1275 2051 1552 2114 requirentes,
1589 2073 1608 2091 «
1629 2052 1682 2096 Et

313 2149 331 2167 υ
356 2143 447 2180 vos,
475 2127 634 2189 inquit.¹
667 2144 766 2172 cum
785 2126 924 2171 essetis
945 2125 1105 2170 mortui
1131 2124 1174 2168 iu
1211 2123 1378 2168 delictis
1399 2133 1440 2167 et
1460 2122 1682 2186 praeputio

308 2222 325 2238 υ
347 2197 487 2242 carnis
510 2209 662 2243 vestrae
679 2198 696 2226 5
716 2215 725 2241 :
756 2220 774 2238 υ
800 2197 1063 2259 praeputium
1085 2194 1257 2239 vocavit
1273 2193 1389 2257 quod
1408 2194 1681 2253 significatur

307 2267 548 2330 praeputiO‚
574 2268 658 2312 hoc
681 2278 740 2312 est
769 2267 926 2312 delicta
950 2265 1138 2311 carnalia
1163 2264 1324 2327 quibus
1348 2263 1592 2327 expoliandi
1607 2281 1679 2309 su-

304 2355 413 2384 mus.
444 2360 463 2378 «
488 2338 753 2391 vivificavit,
778 2337 941 2400 inquit,
974 2353 1075 2381 cum
1094 2335 1168 2380 illo
1194 2334 1362 2380 donans
1380 2334 1506 2379 vobis
1534 2334 1678 2387 omnia

303 2433 322 2451 »
341 2409 516 2463 delicta,
543 2409 688 2454 delens
716 2407 833 2472 quod
873 2407 1076 2453 adversus
1112 2423 1189 2451 nos·
1209 2416 1302 2450 erat
1327 2404 1676 2468 chirographum

304 2505 322 2523 »
346 2481 389 2526 in
409 2480 608 2534 decretis,
628 2479 746 2542 quod
771 2489 861 2524 erat
887 2476 1154 2524 contrarium
1176 2475 1301 2521 nobis
1321 2476 1338 2504 6
1368 2493 1377 2520 :
1408 2475 1549 2539 »quia
1585 2492 1677 2520 reos

340 2582 487 2612 1C010ss,
510 2589 544 2613 ¹0.
566 2592 615 2610 10.
634 2599 669 2602 —
690 2579 905 2623 ‘²Jmnsswu,
927 2580 981 2609 25.
1006 2595 1047 2602 —
1066 2574 1078 2598 3
1098 2578 1217 2607 (ΙοίοεςΔ
1241 2574 1433 2613 n‚11.-—⁴
1457 2575 1538 2609 Ibid,
1563 2587 1597 2604 12
1630 2591 1674 2598 --

297 2636 410 2673 ⁵‚Ibil
440 2639 489 2668 13.
504 2655 547 2660 —
565 2634 678 2668 61t=3d2
705 2642 753 2668 12,
