<?xml version="1.0" encoding="UTF-8"?>
<!DOCTYPE html PUBLIC "-//W3C//DTD XHTML 1.0 Transitional//EN"
    "http://www.w3.org/TR/xhtml1/DTD/xhtml1-transitional.dtd">
<html xmlns="http://www.w3.org/1999/xhtml" xml:lang="en" lang="en">
 <head>
  <title>
</title>
<meta http-equiv="Content-Type" content="text/html;charset=utf-8" />
  <meta name='ocr-system' content='tesseract 3.04.00' />
  <meta name='ocr-capabilities' content='ocr_page ocr_carea ocr_par ocr_line ocrx_word'/>
</head>
<body>
  <div class='ocr_page' id='page_1' title='image "./operaomniaaccura40auguuoft/operaomniaaccura40auguuoft_0057.png"; bbox 0 0 1799 3251; ppageno 0'>
   <div class='ocr_carea' id='block_1_1' title="bbox 551 276 1430 337">
    <p class='ocr_par' dir='ltr' id='par_1_1' title="bbox 551 276 1430 337">
     <span class='ocr_line' id='line_1_1' title="bbox 551 276 1430 337; baseline -0.01 -24"><span class='ocrx_word' id='word_1_1' title='bbox 551 282 759 316; x_wconf 69' lang='lat' dir='ltr'><strong>EetsToLA</strong></span> <span class='ocrx_word' id='word_1_2' title='bbox 797 282 890 312; x_wconf 77' lang='lat' dir='ltr'><strong>ext..</strong></span> <span class='ocrx_word' id='word_1_3' title='bbox 1371 276 1430 337; x_wconf 67' lang='grc'><strong>47</strong></span> 
     </span>
    </p>
   </div>
   <div class='ocr_carea' id='block_1_2' title="bbox 53 346 1433 2527">
    <p class='ocr_par' dir='ltr' id='par_1_2' title="bbox 59 346 1431 1029">
     <span class='ocr_line' id='line_1_2' title="bbox 63 346 1430 412; baseline 0.006 -19"><span class='ocrx_word' id='word_1_4' title='bbox 63 357 206 394; x_wconf 84' lang='lat' dir='ltr'><strong>tamen</strong></span> <span class='ocrx_word' id='word_1_5' title='bbox 225 348 345 412; x_wconf 89' lang='lat' dir='ltr'><strong>quod</strong></span> <span class='ocrx_word' id='word_1_6' title='bbox 364 347 480 393; x_wconf 85' lang='lat' dir='ltr'>deest</span> <span class='ocrx_word' id='word_1_7' title='bbox 503 346 640 410; x_wconf 83' lang='lat' dir='ltr'><strong>operi,</strong></span> <span class='ocrx_word' id='word_1_8' title='bbox 659 346 768 395; x_wconf 81' lang='lat' dir='ltr'><strong>inest</strong></span> <span class='ocrx_word' id='word_1_9' title='bbox 783 346 1011 395; x_wconf 89' lang='lat' dir='ltr'><strong>voluntati.</strong></span> <span class='ocrx_word' id='word_1_10' title='bbox 1037 353 1163 396; x_wconf 84' lang='lat' dir='ltr'><strong>Casta</strong></span> <span class='ocrx_word' id='word_1_11' title='bbox 1183 368 1282 398; x_wconf 88' lang='lat' dir='ltr'><strong>vero</strong></span> <span class='ocrx_word' id='word_1_12' title='bbox 1307 355 1430 401; x_wconf 90' lang='lat' dir='ltr'><strong>aliter</strong></span> 
     </span>
     <span class='ocr_line' id='line_1_3' title="bbox 62 417 1430 485; baseline 0.005 -21"><span class='ocrx_word' id='word_1_13' title='bbox 62 419 213 465; x_wconf 80' lang='lat' dir='ltr'><strong>timet:</strong></span> <span class='ocrx_word' id='word_1_14' title='bbox 238 436 337 465; x_wconf 86' lang='lat' dir='ltr'><strong>nam</strong></span> <span class='ocrx_word' id='word_1_15' title='bbox 360 429 401 463; x_wconf 91' lang='lat' dir='ltr'><strong>et</strong></span> <span class='ocrx_word' id='word_1_16' title='bbox 420 419 512 481; x_wconf 84' lang='lat' dir='ltr'><strong>ipsa</strong></span> <span class='ocrx_word' id='word_1_17' title='bbox 533 418 654 464; x_wconf 90' lang='lat' dir='ltr'><strong>timet</strong></span> <span class='ocrx_word' id='word_1_18' title='bbox 678 417 840 475; x_wconf 84' lang='lat' dir='ltr'><strong>virum,</strong></span> <span class='ocrx_word' id='word_1_19' title='bbox 863 418 936 464; x_wconf 88' lang='lat' dir='ltr'><strong>sed</strong></span> <span class='ocrx_word' id='word_1_20' title='bbox 951 430 1076 465; x_wconf 84' lang='lat' dir='ltr'><strong>caste.</strong></span> <span class='ocrx_word' id='word_1_21' title='bbox 1093 421 1290 485; x_wconf 87' lang='lat' dir='ltr'><strong>Denique</strong></span> <span class='ocrx_word' id='word_1_22' title='bbox 1308 424 1430 471; x_wconf 87' lang='lat' dir='ltr'><strong>timet</strong></span> 
     </span>
     <span class='ocr_line' id='line_1_4' title="bbox 61 488 1426 545; baseline 0.004 -10"><span class='ocrx_word' id='word_1_23' title='bbox 61 488 158 545; x_wconf 81' lang='lat' dir='ltr'><strong>illa,</strong></span> <span class='ocrx_word' id='word_1_24' title='bbox 186 507 238 535; x_wconf 89' lang='lat' dir='ltr'><strong>ne</strong></span> <span class='ocrx_word' id='word_1_25' title='bbox 262 492 326 536; x_wconf 85' lang='lat' dir='ltr'><strong>vir</strong></span> <span class='ocrx_word' id='word_1_26' title='bbox 349 488 526 534; x_wconf 83' lang='lat' dir='ltr'><strong>infestus</strong></span> <span class='ocrx_word' id='word_1_27' title='bbox 544 488 744 534; x_wconf 82' lang='lat' dir='ltr'><strong>adveniat</strong></span> <span class='ocrx_word' id='word_1_28' title='bbox 764 508 775 542; x_wconf 82' lang='lat'><em>3</em></span> <span class='ocrx_word' id='word_1_29' title='bbox 798 488 875 534; x_wconf 83' lang='lat' dir='ltr'><strong>ista</strong></span> <span class='ocrx_word' id='word_1_30' title='bbox 890 525 902 545; x_wconf 84' lang='lat'><strong><em>,</em></strong></span> <span class='ocrx_word' id='word_1_31' title='bbox 925 507 977 535; x_wconf 84' lang='lat' dir='ltr'><strong>ne</strong></span> <span class='ocrx_word' id='word_1_32' title='bbox 1004 492 1188 537; x_wconf 85' lang='lat' dir='ltr'><strong>offensus</strong></span> <span class='ocrx_word' id='word_1_33' title='bbox 1208 493 1426 543; x_wconf 79' lang='lat' dir='ltr'>abscedat.</span> 
     </span>
     <span class='ocr_line' id='line_1_5' title="bbox 63 558 1431 622; baseline 0.005 -18"><span class='ocrx_word' id='word_1_34' title='bbox 63 560 160 605; x_wconf 83' lang='lat' dir='ltr'><strong>&#39;Non</strong></span> <span class='ocrx_word' id='word_1_35' title='bbox 186 561 348 605; x_wconf 85' lang='lat' dir='ltr'><strong>amanti</strong></span> <span class='ocrx_word' id='word_1_36' title='bbox 373 559 485 604; x_wconf 88' lang='lat' dir='ltr'><strong>enim</strong></span> <span class='ocrx_word' id='word_1_37' title='bbox 506 560 734 622; x_wconf 87' lang='lat' dir='ltr'><strong>praesentia</strong></span> <span class='ocrx_word' id='word_1_38' title='bbox 755 559 835 605; x_wconf 89' lang='lat' dir='ltr'><strong>viri</strong></span> <span class='ocrx_word' id='word_1_39' title='bbox 859 558 1034 605; x_wconf 87' lang='lat' dir='ltr'><strong>molesta</strong></span> <span class='ocrx_word' id='word_1_40' title='bbox 1052 572 1137 616; x_wconf 80' lang='lat' dir='ltr'><strong>est3</strong></span> <span class='ocrx_word' id='word_1_41' title='bbox 1160 564 1323 609; x_wconf 82' lang='lat' dir='ltr'><strong>amanti</strong></span> <span class='ocrx_word' id='word_1_42' title='bbox 1351 582 1431 611; x_wconf 90' lang='lat' dir='ltr'><strong>au-</strong></span> 
     </span>
     <span class='ocr_line' id='line_1_6' title="bbox 62 629 1431 693; baseline 0.004 -17"><span class='ocrx_word' id='word_1_43' title='bbox 62 640 164 685; x_wconf 88' lang='lat' dir='ltr'><strong>tem,</strong></span> <span class='ocrx_word' id='word_1_44' title='bbox 177 630 382 675; x_wconf 85' lang='lat' dir='ltr'><strong>absentia.</strong></span> <span class='ocrx_word' id='word_1_45' title='bbox 402 629 732 692; x_wconf 81' lang='lat' dir='ltr'><strong>Timoreitaque</strong></span> <span class='ocrx_word' id='word_1_46' title='bbox 747 641 864 675; x_wconf 86' lang='lat' dir='ltr'><strong>casto</strong></span> <span class='ocrx_word' id='word_1_47' title='bbox 878 633 1148 693; x_wconf 81' lang='lat' dir='ltr'>permanenti</span> <span class='ocrx_word' id='word_1_48' title='bbox 1162 634 1203 678; x_wconf 92' lang='lat' dir='ltr'><strong>in</strong></span> <span class='ocrx_word' id='word_1_49' title='bbox 1221 634 1431 681; x_wconf 80' lang='lat' dir='ltr'><strong>saeculum</strong></span> 
     </span>
     <span class='ocr_line' id='line_1_7' title="bbox 60 699 1429 767; baseline 0.004 -22"><span class='ocrx_word' id='word_1_50' title='bbox 60 699 205 746; x_wconf 81' lang='lat' dir='ltr'><strong>saeculi</strong></span> <span class='ocrx_word' id='word_1_51' title='bbox 220 738 230 757; x_wconf 89' lang='lat'>‚</span> <span class='ocrx_word' id='word_1_52' title='bbox 258 701 407 746; x_wconf 85' lang='lat' dir='ltr'><strong>timeat</strong></span> <span class='ocrx_word' id='word_1_53' title='bbox 431 700 568 745; x_wconf 89' lang='lat' dir='ltr'><strong>Deum</strong></span> <span class='ocrx_word' id='word_1_54' title='bbox 590 716 716 745; x_wconf 90' lang='lat' dir='ltr'><strong>omne</strong></span> <span class='ocrx_word' id='word_1_55' title='bbox 735 716 878 746; x_wconf 88' lang='lat' dir='ltr'><strong>semen</strong></span> <span class='ocrx_word' id='word_1_56' title='bbox 900 700 1049 748; x_wconf 78' lang='lat' dir='ltr'><strong>Isra&#39;el.</strong></span> <span class='ocrx_word' id='word_1_57' title='bbox 1082 702 1280 748; x_wconf 87' lang='lat' dir='ltr'><strong>Timeant</strong></span> <span class='ocrx_word' id='word_1_58' title='bbox 1299 721 1429 767; x_wconf 88' lang='lat' dir='ltr'><strong>quem</strong></span> 
     </span>
     <span class='ocr_line' id='line_1_8' title="bbox 60 770 1426 833; baseline 0.004 -17"><span class='ocrx_word' id='word_1_59' title='bbox 60 770 269 831; x_wconf 79' lang='lat' dir='ltr'><strong>diligunt,</strong></span> <span class='ocrx_word' id='word_1_60' title='bbox 288 787 374 816; x_wconf 91' lang='lat' dir='ltr'><strong>non</strong></span> <span class='ocrx_word' id='word_1_61' title='bbox 388 770 473 815; x_wconf 89' lang='lat' dir='ltr'><strong>alta</strong></span> <span class='ocrx_word' id='word_1_62' title='bbox 492 770 715 833; x_wconf 82' lang='lat' dir='ltr'><strong>sapiendo,</strong></span> <span class='ocrx_word' id='word_1_63' title='bbox 737 770 808 817; x_wconf 89' lang='lat' dir='ltr'><strong>sed</strong></span> <span class='ocrx_word' id='word_1_64' title='bbox 827 770 1070 817; x_wconf 81' lang='lat' dir='ltr'>humilibus</span> <span class='ocrx_word' id='word_1_65' title='bbox 1093 775 1426 821; x_wconf 87' lang='lat' dir='ltr'><strong>consentiendo:</strong></span> 
     </span>
     <span class='ocr_line' id='line_1_9' title="bbox 59 841 1423 906; baseline 0.005 -20"><span class='ocrx_word' id='word_1_66' title='bbox 59 857 161 886; x_wconf 88' lang='lat' dir='ltr'><strong>cum</strong></span> <span class='ocrx_word' id='word_1_67' title='bbox 182 841 333 886; x_wconf 89' lang='lat' dir='ltr'><strong>timore</strong></span> <span class='ocrx_word' id='word_1_68' title='bbox 352 851 394 886; x_wconf 91' lang='lat' dir='ltr'><strong>et</strong></span> <span class='ocrx_word' id='word_1_69' title='bbox 410 851 595 886; x_wconf 84' lang='lat' dir='ltr'><strong>tremore</strong></span> <span class='ocrx_word' id='word_1_70' title='bbox 613 858 731 887; x_wconf 84' lang='lat' dir='ltr'><strong>suam</strong></span> <span class='ocrx_word' id='word_1_71' title='bbox 756 841 948 904; x_wconf 88' lang='lat' dir='ltr'><strong>ipsorum</strong></span> <span class='ocrx_word' id='word_1_72' title='bbox 974 841 1150 888; x_wconf 85' lang='lat' dir='ltr'><strong>salutem</strong></span> <span class='ocrx_word' id='word_1_73' title='bbox 1176 856 1423 906; x_wconf 78' lang='lat' dir='ltr'><strong>operentur.</strong></span> 
     </span>
     <span class='ocr_line' id='line_1_10' title="bbox 59 911 1427 979; baseline 0.004 -23"><span class='ocrx_word' id='word_1_74' title='bbox 59 931 81 952; x_wconf 80' lang='grc' dir='ltr'><strong>ι(</strong></span> <span class='ocrx_word' id='word_1_75' title='bbox 99 912 214 957; x_wconf 89' lang='lat' dir='ltr'><strong>Deus</strong></span> <span class='ocrx_word' id='word_1_76' title='bbox 231 922 292 957; x_wconf 92' lang='lat' dir='ltr'><strong>est</strong></span> <span class='ocrx_word' id='word_1_77' title='bbox 314 912 427 957; x_wconf 90' lang='lat' dir='ltr'><strong>enim</strong></span> <span class='ocrx_word' id='word_1_78' title='bbox 451 911 528 975; x_wconf 90' lang='lat' dir='ltr'><strong>qui</strong></span> <span class='ocrx_word' id='word_1_79' title='bbox 551 922 757 974; x_wconf 84' lang='lat' dir='ltr'>operatur</span> <span class='ocrx_word' id='word_1_80' title='bbox 772 912 817 957; x_wconf 90' lang='lat' dir='ltr'><strong>in</strong></span> <span class='ocrx_word' id='word_1_81' title='bbox 841 912 899 957; x_wconf 86' lang='lat' dir='ltr'><strong>eis</strong></span> <span class='ocrx_word' id='word_1_82' title='bbox 917 922 958 957; x_wconf 89' lang='lat' dir='ltr'><strong>et</strong></span> <span class='ocrx_word' id='word_1_83' title='bbox 979 911 1085 957; x_wconf 83' lang='lat' dir='ltr'><strong>velle</strong></span> <span class='ocrx_word' id='word_1_84' title='bbox 1101 926 1141 958; x_wconf 90' lang='lat' dir='ltr'><strong>et</strong></span> <span class='ocrx_word' id='word_1_85' title='bbox 1159 915 1330 976; x_wconf 83' lang='lat' dir='ltr'><strong>operari</strong></span> <span class='ocrx_word' id='word_1_86' title='bbox 1345 933 1427 979; x_wconf 88' lang='lat' dir='ltr'><strong>pro</strong></span> 
     </span>
     <span class='ocr_line' id='line_1_11' title="bbox 60 981 560 1029; baseline 0.004 -2"><span class='ocrx_word' id='word_1_87' title='bbox 60 1002 81 1023; x_wconf 72' lang='lat'><strong>&gt;⁵</strong></span> <span class='ocrx_word' id='word_1_88' title='bbox 98 981 214 1028; x_wconf 85' lang='lat' dir='ltr'><strong>bona</strong></span> <span class='ocrx_word' id='word_1_89' title='bbox 239 982 459 1027; x_wconf 87' lang='lat' dir='ltr'><strong>voluntate</strong></span> <span class='ocrx_word' id='word_1_90' title='bbox 472 981 506 1029; x_wconf 75' lang='lat'><strong>1.</strong></span> <span class='ocrx_word' id='word_1_91' title='bbox 538 989 560 1022; x_wconf 76' lang='lat'><strong>&gt;3</strong></span> 
     </span>
    </p>

    <p class='ocr_par' dir='ltr' id='par_1_3' title="bbox 53 1052 1433 2527">
     <span class='ocr_line' id='line_1_12' title="bbox 126 1052 1427 1116; baseline 0.005 -19"><span class='ocrx_word' id='word_1_92' title='bbox 126 1052 239 1099; x_wconf 88' lang='lat' dir='ltr'><strong>LIV.</strong></span> <span class='ocrx_word' id='word_1_93' title='bbox 282 1052 390 1097; x_wconf 82' lang='lat' dir='ltr'><strong>Haec</strong></span> <span class='ocrx_word' id='word_1_94' title='bbox 414 1062 475 1097; x_wconf 89' lang='lat' dir='ltr'><strong>est</strong></span> <span class='ocrx_word' id='word_1_95' title='bbox 494 1052 660 1111; x_wconf 82' lang='lat' dir='ltr'><strong>J&#39;ustitia</strong></span> <span class='ocrx_word' id='word_1_96' title='bbox 690 1052 794 1109; x_wconf 84' lang='lat' dir='ltr'><strong>Dei,</strong></span> <span class='ocrx_word' id='word_1_97' title='bbox 821 1052 908 1098; x_wconf 91' lang='lat' dir='ltr'><strong>hoc</strong></span> <span class='ocrx_word' id='word_1_98' title='bbox 928 1063 990 1098; x_wconf 90' lang='lat' dir='ltr'><strong>est</strong></span> <span class='ocrx_word' id='word_1_99' title='bbox 1012 1053 1133 1116; x_wconf 86' lang='lat' dir='ltr'><strong>quod</strong></span> <span class='ocrx_word' id='word_1_100' title='bbox 1158 1056 1272 1101; x_wconf 82' lang='lat' dir='ltr'><strong>Deus</strong></span> <span class='ocrx_word' id='word_1_101' title='bbox 1293 1056 1427 1103; x_wconf 89' lang='lat' dir='ltr'><strong>donat</strong></span> 
     </span>
     <span class='ocr_line' id='line_1_13' title="bbox 59 1121 1426 1188; baseline 0.004 -20"><span class='ocrx_word' id='word_1_102' title='bbox 59 1121 254 1178; x_wconf 84' lang='lat' dir='ltr'><strong>homini,</strong></span> <span class='ocrx_word' id='word_1_103' title='bbox 284 1139 383 1168; x_wconf 88' lang='lat' dir='ltr'><strong>cum</strong></span> <span class='ocrx_word' id='word_1_104' title='bbox 400 1122 614 1182; x_wconf 81' lang='lat' dir='ltr'><strong>justificat</strong></span> <span class='ocrx_word' id='word_1_105' title='bbox 636 1122 837 1186; x_wconf 88' lang='lat' dir='ltr'><strong>impium.</strong></span> <span class='ocrx_word' id='word_1_106' title='bbox 877 1123 1002 1170; x_wconf 78' lang='lat' dir='ltr'><strong>Hanc</strong></span> <span class='ocrx_word' id='word_1_107' title='bbox 1034 1125 1111 1168; x_wconf 89' lang='lat' dir='ltr'><strong>Dei</strong></span> <span class='ocrx_word' id='word_1_108' title='bbox 1127 1126 1341 1184; x_wconf 67' lang='lat' dir='ltr'><strong>justitiam</strong></span> <span class='ocrx_word' id='word_1_109' title='bbox 1365 1128 1426 1188; x_wconf 78' lang='lat' dir='ltr'><strong>ig-</strong></span> 
     </span>
     <span class='ocr_line' id='line_1_14' title="bbox 59 1191 1424 1255; baseline 0.004 -18"><span class='ocrx_word' id='word_1_110' title='bbox 59 1203 259 1238; x_wconf 87' lang='lat' dir='ltr'><strong>norantes</strong></span> <span class='ocrx_word' id='word_1_111' title='bbox 293 1193 470 1255; x_wconf 81' lang='lat' dir='ltr'>superbi</span> <span class='ocrx_word' id='word_1_112' title='bbox 506 1191 674 1247; x_wconf 82' lang='lat' dir='ltr'><strong>Judaei,</strong></span> <span class='ocrx_word' id='word_1_113' title='bbox 705 1203 746 1237; x_wconf 86' lang='lat' dir='ltr'><strong>et</strong></span> <span class='ocrx_word' id='word_1_114' title='bbox 777 1209 899 1238; x_wconf 83' lang='lat' dir='ltr'><strong>suam</strong></span> <span class='ocrx_word' id='word_1_115' title='bbox 923 1192 1113 1239; x_wconf 81' lang='lat' dir='ltr'><strong>volentes</strong></span> <span class='ocrx_word' id='word_1_116' title='bbox 1141 1196 1424 1255; x_wconf 84' lang='lat' dir='ltr'><strong>constituere,</strong></span> 
     </span>
     <span class='ocr_line' id='line_1_15' title="bbox 53 1263 1427 1326; baseline 0.004 -18"><span class='ocrx_word' id='word_1_117' title='bbox 53 1263 236 1322; x_wconf 80' lang='lat' dir='ltr'><strong>justitiae</strong></span> <span class='ocrx_word' id='word_1_118' title='bbox 256 1263 335 1308; x_wconf 88' lang='lat' dir='ltr'><strong>Dei</strong></span> <span class='ocrx_word' id='word_1_119' title='bbox 353 1279 438 1308; x_wconf 90' lang='lat' dir='ltr'><strong>non</strong></span> <span class='ocrx_word' id='word_1_120' title='bbox 457 1273 556 1308; x_wconf 87' lang='lat' dir='ltr'><strong>sunt</strong></span> <span class='ocrx_word' id='word_1_121' title='bbox 578 1263 730 1322; x_wconf 81' lang='lat' dir='ltr'><strong>sujecti</strong></span> <span class='ocrx_word' id='word_1_122' title='bbox 750 1264 795 1317; x_wconf 80' lang='lat'><strong>23</strong></span> <span class='ocrx_word' id='word_1_123' title='bbox 816 1263 900 1308; x_wconf 84' lang='lat' dir='ltr'><strong>hac</strong></span> <span class='ocrx_word' id='word_1_124' title='bbox 922 1264 1125 1326; x_wconf 84' lang='lat' dir='ltr'><strong>superbia</strong></span> <span class='ocrx_word' id='word_1_125' title='bbox 1143 1264 1427 1325; x_wconf 86' lang='lat' dir='ltr'><strong>dejiciuntur,</strong></span> 
     </span>
     <span class='ocr_line' id='line_1_16' title="bbox 60 1333 1429 1383; baseline 0.004 -5"><span class='ocrx_word' id='word_1_126' title='bbox 60 1344 108 1379; x_wconf 88' lang='lat' dir='ltr'><strong>ut</strong></span> <span class='ocrx_word' id='word_1_127' title='bbox 133 1333 312 1379; x_wconf 89' lang='lat' dir='ltr'><strong>humilis</strong></span> <span class='ocrx_word' id='word_1_128' title='bbox 334 1333 548 1378; x_wconf 83' lang='lat' dir='ltr'><strong>inseratur</strong></span> <span class='ocrx_word' id='word_1_129' title='bbox 574 1333 769 1379; x_wconf 74' lang='lat' dir='ltr'><strong>oleaster,</strong></span> <span class='ocrx_word' id='word_1_130' title='bbox 815 1335 868 1378; x_wconf 81' lang='lat' dir='ltr'><strong>Et</strong></span> <span class='ocrx_word' id='word_1_131' title='bbox 897 1333 960 1378; x_wconf 83' lang='lat' dir='ltr'><strong>illi</strong></span> <span class='ocrx_word' id='word_1_132' title='bbox 995 1334 1124 1379; x_wconf 87' lang='lat' dir='ltr'><strong>ibunt</strong></span> <span class='ocrx_word' id='word_1_133' title='bbox 1154 1335 1197 1380; x_wconf 91' lang='lat' dir='ltr'><strong>in</strong></span> <span class='ocrx_word' id='word_1_134' title='bbox 1234 1338 1429 1383; x_wconf 73' lang='lat' dir='ltr'><strong>tenebras</strong></span> 
     </span>
     <span class='ocr_line' id='line_1_17' title="bbox 59 1403 1428 1466; baseline 0.004 -18"><span class='ocrx_word' id='word_1_135' title='bbox 59 1404 303 1460; x_wconf 78' lang='lat' dir='ltr'><strong>exteriores,</strong></span> <span class='ocrx_word' id='word_1_136' title='bbox 336 1403 389 1448; x_wconf 90' lang='lat' dir='ltr'><strong>de</strong></span> <span class='ocrx_word' id='word_1_137' title='bbox 407 1403 570 1466; x_wconf 85' lang='lat' dir='ltr'><strong>quibus</strong></span> <span class='ocrx_word' id='word_1_138' title='bbox 590 1403 701 1448; x_wconf 87' lang='lat' dir='ltr'><strong>inter</strong></span> <span class='ocrx_word' id='word_1_139' title='bbox 724 1403 807 1448; x_wconf 86' lang='lat' dir='ltr'><strong>alia</strong></span> <span class='ocrx_word' id='word_1_140' title='bbox 827 1403 1059 1466; x_wconf 72' lang='lat' dir='ltr'><strong>requisisti,</strong></span> <span class='ocrx_word' id='word_1_141' title='bbox 1082 1405 1353 1453; x_wconf 85' lang='lat' dir='ltr'><strong>venientibus</strong></span> <span class='ocrx_word' id='word_1_142' title='bbox 1371 1408 1428 1453; x_wconf 82' lang='lat' dir='ltr'><strong>ab</strong></span> 
     </span>
     <span class='ocr_line' id='line_1_18' title="bbox 60 1474 1426 1538; baseline 0.003 -18"><span class='ocrx_word' id='word_1_143' title='bbox 60 1475 238 1521; x_wconf 80' lang='lat' dir='ltr'><strong>Oriente</strong></span> <span class='ocrx_word' id='word_1_144' title='bbox 257 1485 299 1520; x_wconf 92' lang='lat' dir='ltr'><strong>et</strong></span> <span class='ocrx_word' id='word_1_145' title='bbox 320 1474 560 1520; x_wconf 85' lang='lat' dir='ltr'><strong>Occidente</strong></span> <span class='ocrx_word' id='word_1_146' title='bbox 591 1475 737 1520; x_wconf 89' lang='lat' dir='ltr'><strong>multis</strong></span> <span class='ocrx_word' id='word_1_147' title='bbox 751 1511 762 1528; x_wconf 90' lang='lat'>‚</span> <span class='ocrx_word' id='word_1_148' title='bbox 794 1475 870 1538; x_wconf 90' lang='lat' dir='ltr'><strong>qui</strong></span> <span class='ocrx_word' id='word_1_149' title='bbox 890 1475 1145 1520; x_wconf 79' lang='lat' dir='ltr'><strong>recumbent</strong></span> <span class='ocrx_word' id='word_1_150' title='bbox 1164 1493 1264 1522; x_wconf 88' lang='lat' dir='ltr'><strong>cum</strong></span> <span class='ocrx_word' id='word_1_151' title='bbox 1282 1479 1426 1524; x_wconf 81' lang='lat' dir='ltr'><strong>Abra-</strong></span> 
     </span>
     <span class='ocr_line' id='line_1_19' title="bbox 59 1545 1426 1605; baseline 0.002 -13"><span class='ocrx_word' id='word_1_152' title='bbox 59 1546 186 1601; x_wconf 81' lang='lat' dir='ltr'><strong>ham,</strong></span> <span class='ocrx_word' id='word_1_153' title='bbox 216 1547 360 1602; x_wconf 77' lang='lat' dir='ltr'><strong>Isaac,</strong></span> <span class='ocrx_word' id='word_1_154' title='bbox 392 1556 432 1591; x_wconf 91' lang='lat' dir='ltr'><strong>et</strong></span> <span class='ocrx_word' id='word_1_155' title='bbox 473 1546 609 1591; x_wconf 81' lang='lat' dir='ltr'>Jacob</span> <span class='ocrx_word' id='word_1_156' title='bbox 642 1546 686 1591; x_wconf 92' lang='lat' dir='ltr'><strong>in</strong></span> <span class='ocrx_word' id='word_1_157' title='bbox 724 1563 854 1605; x_wconf 86' lang='lat' dir='ltr'><strong>regno</strong></span> <span class='ocrx_word' id='word_1_158' title='bbox 886 1545 1096 1592; x_wconf 77' lang='lat' dir='ltr'><strong>coelorum</strong></span> <span class='ocrx_word' id='word_1_159' title='bbox 1114 1546 1146 1593; x_wconf 77' lang='lat'><strong>3.</strong></span> <span class='ocrx_word' id='word_1_160' title='bbox 1177 1548 1289 1594; x_wconf 83' lang='lat' dir='ltr'><strong>Sunt</strong></span> <span class='ocrx_word' id='word_1_161' title='bbox 1312 1550 1426 1595; x_wconf 86' lang='lat' dir='ltr'><strong>enim</strong></span> 
     </span>
     <span class='ocr_line' id='line_1_20' title="bbox 59 1616 1428 1680; baseline 0.003 -18"><span class='ocrx_word' id='word_1_162' title='bbox 59 1617 190 1669; x_wconf 90' lang='lat' dir='ltr'><strong>modo</strong></span> <span class='ocrx_word' id='word_1_163' title='bbox 207 1617 250 1662; x_wconf 90' lang='lat' dir='ltr'><strong>in</strong></span> <span class='ocrx_word' id='word_1_164' title='bbox 275 1616 422 1662; x_wconf 82' lang='lat' dir='ltr'><strong>exteris</strong></span> <span class='ocrx_word' id='word_1_165' title='bbox 444 1616 629 1662; x_wconf 85' lang='lat' dir='ltr'><strong>tenebris</strong></span> <span class='ocrx_word' id='word_1_166' title='bbox 650 1654 661 1673; x_wconf 84' lang='lat'><em>‚</em></span> <span class='ocrx_word' id='word_1_167' title='bbox 690 1616 804 1662; x_wconf 88' lang='lat' dir='ltr'><strong>unde</strong></span> <span class='ocrx_word' id='word_1_168' title='bbox 828 1617 1037 1662; x_wconf 77' lang='lat' dir='ltr'><strong>correctio</strong></span> <span class='ocrx_word' id='word_1_169' title='bbox 1056 1616 1321 1680; x_wconf 80' lang='lat' dir='ltr'><strong>desperanda</strong></span> <span class='ocrx_word' id='word_1_170' title='bbox 1340 1637 1428 1666; x_wconf 90' lang='lat' dir='ltr'><strong>non</strong></span> 
     </span>
     <span class='ocr_line' id='line_1_21' title="bbox 58 1688 1424 1751; baseline 0.002 -18"><span class='ocrx_word' id='word_1_171' title='bbox 58 1697 142 1743; x_wconf 82' lang='lat' dir='ltr'><strong>est3</strong></span> <span class='ocrx_word' id='word_1_172' title='bbox 165 1704 295 1751; x_wconf 82' lang='lat' dir='ltr'><strong>quam</strong></span> <span class='ocrx_word' id='word_1_173' title='bbox 315 1688 351 1732; x_wconf 89' lang='lat' dir='ltr'><strong>si</strong></span> <span class='ocrx_word' id='word_1_174' title='bbox 369 1688 725 1751; x_wconf 77' lang='lat' dir='ltr'><strong>contempserint,</strong></span> <span class='ocrx_word' id='word_1_175' title='bbox 751 1688 881 1733; x_wconf 79' lang='lat' dir='ltr'><strong>ibunt</strong></span> <span class='ocrx_word' id='word_1_176' title='bbox 904 1688 947 1732; x_wconf 90' lang='lat' dir='ltr'><strong>in</strong></span> <span class='ocrx_word' id='word_1_177' title='bbox 968 1688 1163 1733; x_wconf 79' lang='lat' dir='ltr'><strong>tenebras</strong></span> <span class='ocrx_word' id='word_1_178' title='bbox 1186 1690 1424 1747; x_wconf 80' lang='lat' dir='ltr'><strong>exteriores,</strong></span> 
     </span>
     <span class='ocr_line' id='line_1_22' title="bbox 60 1758 1422 1821; baseline 0.001 -17"><span class='ocrx_word' id='word_1_179' title='bbox 60 1758 137 1804; x_wconf 80' lang='lat' dir='ltr'><strong>ubi</strong></span> <span class='ocrx_word' id='word_1_180' title='bbox 154 1759 432 1804; x_wconf 85' lang='lat' dir='ltr'><strong>correctionis</strong></span> <span class='ocrx_word' id='word_1_181' title='bbox 455 1758 575 1803; x_wconf 86' lang='lat' dir='ltr'><strong>locus</strong></span> <span class='ocrx_word' id='word_1_182' title='bbox 607 1775 693 1802; x_wconf 90' lang='lat' dir='ltr'><strong>non</strong></span> <span class='ocrx_word' id='word_1_183' title='bbox 729 1758 808 1803; x_wconf 86' lang='lat' dir='ltr'><strong>erit</strong></span> <span class='ocrx_word' id='word_1_184' title='bbox 835 1776 844 1802; x_wconf 93' lang='lat'>:</span> <span class='ocrx_word' id='word_1_185' title='bbox 876 1758 1079 1821; x_wconf 84' lang='lat' dir='ltr'><strong>quoniam</strong></span> <span class='ocrx_word' id='word_1_186' title='bbox 1110 1758 1223 1804; x_wconf 87' lang='lat' dir='ltr'><strong>Deus</strong></span> <span class='ocrx_word' id='word_1_187' title='bbox 1245 1760 1317 1805; x_wconf 85' lang='lat' dir='ltr'><strong>lux</strong></span> <span class='ocrx_word' id='word_1_188' title='bbox 1338 1772 1422 1815; x_wconf 87' lang='lat' dir='ltr'><strong>est,</strong></span> 
     </span>
     <span class='ocr_line' id='line_1_23' title="bbox 58 1827 1426 1886; baseline 0.001 -12"><span class='ocrx_word' id='word_1_189' title='bbox 58 1839 101 1874; x_wconf 93' lang='lat' dir='ltr'><strong>et</strong></span> <span class='ocrx_word' id='word_1_190' title='bbox 123 1829 313 1874; x_wconf 84' lang='lat' dir='ltr'><strong>tenebrae</strong></span> <span class='ocrx_word' id='word_1_191' title='bbox 330 1828 375 1873; x_wconf 92' lang='lat' dir='ltr'><strong>in</strong></span> <span class='ocrx_word' id='word_1_192' title='bbox 396 1845 444 1873; x_wconf 91' lang='lat' dir='ltr'><strong>eo</strong></span> <span class='ocrx_word' id='word_1_193' title='bbox 469 1844 557 1873; x_wconf 87' lang='lat' dir='ltr'><strong>non</strong></span> <span class='ocrx_word' id='word_1_194' title='bbox 579 1839 679 1873; x_wconf 90' lang='lat' dir='ltr'><strong>sunt</strong></span> <span class='ocrx_word' id='word_1_195' title='bbox 697 1827 796 1873; x_wconf 83' lang='lat' dir='ltr'><strong>ullae</strong></span> <span class='ocrx_word' id='word_1_196' title='bbox 811 1828 829 1856; x_wconf 67' lang='lat'>4</span> <span class='ocrx_word' id='word_1_197' title='bbox 849 1849 859 1881; x_wconf 92' lang='lat'>;</span> <span class='ocrx_word' id='word_1_198' title='bbox 888 1829 958 1874; x_wconf 83' lang='lat' dir='ltr'><strong>sed</strong></span> <span class='ocrx_word' id='word_1_199' title='bbox 979 1828 1049 1873; x_wconf 84' lang='lat' dir='ltr'><strong>lux</strong></span> <span class='ocrx_word' id='word_1_200' title='bbox 1074 1828 1215 1874; x_wconf 83' lang='lat' dir='ltr'><strong>cordis</strong></span> <span class='ocrx_word' id='word_1_201' title='bbox 1230 1866 1240 1886; x_wconf 75' lang='lat'><strong><em>⁷</em></strong></span> <span class='ocrx_word' id='word_1_202' title='bbox 1262 1847 1349 1875; x_wconf 90' lang='lat' dir='ltr'><strong>non</strong></span> <span class='ocrx_word' id='word_1_203' title='bbox 1367 1831 1426 1876; x_wconf 91' lang='lat' dir='ltr'><strong>is-</strong></span> 
     </span>
     <span class='ocr_line' id='line_1_24' title="bbox 60 1898 1422 1962; baseline 0.001 -18"><span class='ocrx_word' id='word_1_204' title='bbox 60 1909 203 1945; x_wconf 90' lang='lat' dir='ltr'><strong>torum</strong></span> <span class='ocrx_word' id='word_1_205' title='bbox 232 1898 308 1962; x_wconf 89' lang='lat' dir='ltr'><strong>qui</strong></span> <span class='ocrx_word' id='word_1_206' title='bbox 329 1898 373 1943; x_wconf 91' lang='lat' dir='ltr'><strong>in</strong></span> <span class='ocrx_word' id='word_1_207' title='bbox 394 1915 522 1943; x_wconf 81' lang='lat' dir='ltr'><strong>carne</strong></span> <span class='ocrx_word' id='word_1_208' title='bbox 555 1909 655 1943; x_wconf 82' lang='lat' dir='ltr'><strong>sunt</strong></span> <span class='ocrx_word' id='word_1_209' title='bbox 686 1898 943 1952; x_wconf 72' lang='lat' dir='ltr'><strong>oculorum;</strong></span> <span class='ocrx_word' id='word_1_210' title='bbox 977 1916 1055 1943; x_wconf 87' lang='lat' dir='ltr'><strong>nec</strong></span> <span class='ocrx_word' id='word_1_211' title='bbox 1093 1899 1269 1945; x_wconf 88' lang='lat' dir='ltr'><strong>omnino</strong></span> <span class='ocrx_word' id='word_1_212' title='bbox 1303 1901 1422 1957; x_wconf 79' lang='lat' dir='ltr'><strong>talis,</strong></span> 
     </span>
     <span class='ocr_line' id='line_1_25' title="bbox 57 1968 1426 2035; baseline 0 -19"><span class='ocrx_word' id='word_1_213' title='bbox 57 1969 197 2034; x_wconf 83' lang='lat' dir='ltr'><strong>qualis</strong></span> <span class='ocrx_word' id='word_1_214' title='bbox 210 1968 460 2029; x_wconf 82' lang='lat' dir='ltr'><strong>huJ&#39;uslucis</strong></span> <span class='ocrx_word' id='word_1_215' title='bbox 474 1968 655 2014; x_wconf 82' lang='lat' dir='ltr'><strong>visibilis</strong></span> <span class='ocrx_word' id='word_1_216' title='bbox 669 1969 898 2032; x_wconf 75' lang='lat' dir='ltr'><strong>phantasia</strong></span> <span class='ocrx_word' id='word_1_217' title='bbox 917 1969 1156 2028; x_wconf 59' lang='lat' dir='ltr'><strong>cogitatum</strong></span> <span class='ocrx_word' id='word_1_218' title='bbox 1177 1987 1426 2035; x_wconf 78' lang='lat' dir='ltr'><strong>quanquam</strong></span> 
     </span>
     <span class='ocr_line' id='line_1_26' title="bbox 59 2038 1427 2101; baseline 0.001 -15"><span class='ocrx_word' id='word_1_219' title='bbox 59 2051 102 2086; x_wconf 90' lang='lat' dir='ltr'><strong>et</strong></span> <span class='ocrx_word' id='word_1_220' title='bbox 120 2040 183 2086; x_wconf 89' lang='lat' dir='ltr'><strong>ibi</strong></span> <span class='ocrx_word' id='word_1_221' title='bbox 202 2050 265 2085; x_wconf 89' lang='lat' dir='ltr'><strong>est</strong></span> <span class='ocrx_word' id='word_1_222' title='bbox 285 2039 448 2095; x_wconf 84' lang='lat' dir='ltr'><strong>videre,</strong></span> <span class='ocrx_word' id='word_1_223' title='bbox 469 2038 541 2084; x_wconf 89' lang='lat' dir='ltr'><strong>sed</strong></span> <span class='ocrx_word' id='word_1_224' title='bbox 556 2038 682 2099; x_wconf 84' lang='lat' dir='ltr'><strong>longe</strong></span> <span class='ocrx_word' id='word_1_225' title='bbox 702 2039 836 2096; x_wconf 85' lang='lat' dir='ltr'><strong>aliter,</strong></span> <span class='ocrx_word' id='word_1_226' title='bbox 860 2040 984 2099; x_wconf 85' lang='lat' dir='ltr'><strong>longe</strong></span> <span class='ocrx_word' id='word_1_227' title='bbox 1004 2039 1280 2087; x_wconf 83' lang='lat' dir='ltr'><strong>dissimiliter.</strong></span> <span class='ocrx_word' id='word_1_228' title='bbox 1306 2049 1427 2101; x_wconf 75' lang='lat' dir='ltr'><strong>Qua-</strong></span> 
     </span>
     <span class='ocr_line' id='line_1_27' title="bbox 59 2109 1428 2175; baseline 0.001 -18"><span class='ocrx_word' id='word_1_229' title='bbox 59 2111 109 2157; x_wconf 82' lang='lat' dir='ltr'><strong>lis</strong></span> <span class='ocrx_word' id='word_1_230' title='bbox 131 2111 247 2157; x_wconf 87' lang='lat' dir='ltr'><strong>enim</strong></span> <span class='ocrx_word' id='word_1_231' title='bbox 276 2110 349 2155; x_wconf 87' lang='lat' dir='ltr'><strong>lux</strong></span> <span class='ocrx_word' id='word_1_232' title='bbox 374 2120 436 2155; x_wconf 87' lang='lat' dir='ltr'><strong>est</strong></span> <span class='ocrx_word' id='word_1_233' title='bbox 459 2110 554 2172; x_wconf 81' lang='lat' dir='ltr'><strong>ipsa</strong></span> <span class='ocrx_word' id='word_1_234' title='bbox 573 2109 783 2167; x_wconf 85' lang='lat' dir='ltr'><strong>charitas,</strong></span> <span class='ocrx_word' id='word_1_235' title='bbox 811 2111 907 2174; x_wconf 89' lang='lat' dir='ltr'><strong>quis</strong></span> <span class='ocrx_word' id='word_1_236' title='bbox 927 2110 1068 2155; x_wconf 78' lang='lat' dir='ltr'><strong>verbis</strong></span> <span class='ocrx_word' id='word_1_237' title='bbox 1091 2111 1306 2173; x_wconf 63' lang='lat' dir='ltr'><strong>explicet?</strong></span> <span class='ocrx_word' id='word_1_238' title='bbox 1332 2114 1428 2175; x_wconf 81' lang='lat' dir='ltr'><strong>quis</strong></span> 
     </span>
     <span class='ocr_line' id='line_1_28' title="bbox 57 2181 1428 2244; baseline 0 -16"><span class='ocrx_word' id='word_1_239' title='bbox 57 2199 205 2229; x_wconf 84' lang='lat' dir='ltr'><strong>earum</strong></span> <span class='ocrx_word' id='word_1_240' title='bbox 241 2198 382 2227; x_wconf 87' lang='lat' dir='ltr'><strong>rerum</strong></span> <span class='ocrx_word' id='word_1_241' title='bbox 404 2218 415 2236; x_wconf 84' lang='lat'>‚</span> <span class='ocrx_word' id='word_1_242' title='bbox 445 2198 546 2244; x_wconf 84' lang='lat' dir='ltr'><strong>quae</strong></span> <span class='ocrx_word' id='word_1_243' title='bbox 579 2181 775 2227; x_wconf 85' lang='lat' dir='ltr'><strong>sensibus</strong></span> <span class='ocrx_word' id='word_1_244' title='bbox 810 2183 950 2227; x_wconf 82' lang='lat' dir='ltr'><strong>carnis</strong></span> <span class='ocrx_word' id='word_1_245' title='bbox 980 2181 1201 2242; x_wconf 85' lang='lat' dir='ltr'><strong>adjacent,</strong></span> <span class='ocrx_word' id='word_1_246' title='bbox 1243 2182 1329 2228; x_wconf 90' lang='lat' dir='ltr'><strong>ullo</strong></span> <span class='ocrx_word' id='word_1_247' title='bbox 1355 2183 1428 2228; x_wconf 86' lang='lat' dir='ltr'><strong>de-</strong></span> 
     </span>
     <span class='ocr_line' id='line_1_29' title="bbox 59 2251 1427 2314; baseline 0 -15"><span class='ocrx_word' id='word_1_248' title='bbox 59 2264 269 2303; x_wconf 84' lang='lat' dir='ltr'><strong>monstret</strong></span> <span class='ocrx_word' id='word_1_249' title='bbox 291 2251 516 2314; x_wconf 63' lang='lat' dir='ltr'><strong>exemplo?</strong></span> <span class='ocrx_word' id='word_1_250' title='bbox 549 2253 615 2297; x_wconf 88' lang='lat' dir='ltr'><strong>An</strong></span> <span class='ocrx_word' id='word_1_251' title='bbox 646 2251 754 2297; x_wconf 88' lang='lat' dir='ltr'><strong>forte</strong></span> <span class='ocrx_word' id='word_1_252' title='bbox 784 2252 853 2298; x_wconf 88' lang='lat' dir='ltr'><strong>lux</strong></span> <span class='ocrx_word' id='word_1_253' title='bbox 877 2270 962 2297; x_wconf 90' lang='lat' dir='ltr'><strong>non</strong></span> <span class='ocrx_word' id='word_1_254' title='bbox 986 2263 1048 2297; x_wconf 88' lang='lat' dir='ltr'><strong>est</strong></span> <span class='ocrx_word' id='word_1_255' title='bbox 1065 2252 1284 2299; x_wconf 64' lang='lat' dir='ltr'><strong>charitas?</strong></span> <span class='ocrx_word' id='word_1_256' title='bbox 1312 2253 1427 2308; x_wconf 79' lang='lat' dir='ltr'><strong>Audi</strong></span> 
     </span>
     <span class='ocr_line' id='line_1_30' title="bbox 60 2322 1425 2387; baseline -0.001 -18"><span class='ocrx_word' id='word_1_257' title='bbox 60 2323 304 2387; x_wconf 86' lang='lat' dir='ltr'><strong>apostolum</strong></span> <span class='ocrx_word' id='word_1_258' title='bbox 342 2323 552 2367; x_wconf 87' lang='lat' dir='ltr'><strong>Joannem</strong></span> <span class='ocrx_word' id='word_1_259' title='bbox 583 2339 593 2367; x_wconf 72' lang='grc' dir='ltr'><strong><em>ι</em></strong></span> <span class='ocrx_word' id='word_1_260' title='bbox 628 2322 719 2386; x_wconf 84' lang='lat' dir='ltr'><strong>ipse</strong></span> <span class='ocrx_word' id='word_1_261' title='bbox 760 2324 925 2386; x_wconf 80' lang='lat' dir='ltr'><strong>quippe</strong></span> <span class='ocrx_word' id='word_1_262' title='bbox 964 2323 1095 2378; x_wconf 78' lang='lat' dir='ltr'><strong>dixit,</strong></span> <span class='ocrx_word' id='word_1_263' title='bbox 1137 2323 1255 2386; x_wconf 84' lang='lat' dir='ltr'><strong>quod</strong></span> <span class='ocrx_word' id='word_1_264' title='bbox 1295 2323 1425 2368; x_wconf 90' lang='lat' dir='ltr'><strong>modo</strong></span> 
     </span>
     <span class='ocr_line' id='line_1_31' title="bbox 59 2391 1428 2449; baseline -0.001 -10"><span class='ocrx_word' id='word_1_265' title='bbox 59 2391 420 2447; x_wconf 81' lang='lat' dir='ltr'><strong>commemoravi,</strong></span> <span class='ocrx_word' id='word_1_266' title='bbox 446 2413 465 2432; x_wconf 88' lang='lat'>«</span> <span class='ocrx_word' id='word_1_267' title='bbox 488 2391 706 2448; x_wconf 82' lang='lat' dir='ltr'><strong>Quoniam</strong></span> <span class='ocrx_word' id='word_1_268' title='bbox 728 2395 846 2439; x_wconf 88' lang='lat' dir='ltr'><strong>Deus</strong></span> <span class='ocrx_word' id='word_1_269' title='bbox 870 2392 941 2438; x_wconf 85' lang='lat' dir='ltr'><strong>lux</strong></span> <span class='ocrx_word' id='word_1_270' title='bbox 963 2403 1041 2449; x_wconf 87' lang='lat' dir='ltr'><strong>est,</strong></span> <span class='ocrx_word' id='word_1_271' title='bbox 1068 2403 1109 2438; x_wconf 89' lang='lat' dir='ltr'><strong>et</strong></span> <span class='ocrx_word' id='word_1_272' title='bbox 1136 2393 1322 2439; x_wconf 85' lang='lat' dir='ltr'><strong>tcnebrae</strong></span> <span class='ocrx_word' id='word_1_273' title='bbox 1343 2410 1428 2439; x_wconf 91' lang='lat' dir='ltr'><strong>non</strong></span> 
     </span>
     <span class='ocr_line' id='line_1_32' title="bbox 62 2461 1433 2527; baseline 0 -17"><span class='ocrx_word' id='word_1_274' title='bbox 62 2473 203 2511; x_wconf 86' lang='lat' dir='ltr'><strong>»sunt</strong></span> <span class='ocrx_word' id='word_1_275' title='bbox 229 2463 271 2515; x_wconf 86' lang='lat' dir='ltr'><strong>in</strong></span> <span class='ocrx_word' id='word_1_276' title='bbox 298 2479 347 2508; x_wconf 90' lang='lat' dir='ltr'><strong>eo</strong></span> <span class='ocrx_word' id='word_1_277' title='bbox 371 2461 470 2508; x_wconf 77' lang='lat' dir='ltr'><strong>utlae</strong></span> <span class='ocrx_word' id='word_1_278' title='bbox 491 2482 502 2516; x_wconf 83' lang='lat'>3</span> <span class='ocrx_word' id='word_1_279' title='bbox 526 2484 545 2505; x_wconf 87' lang='grc'>»</span> <span class='ocrx_word' id='word_1_280' title='bbox 573 2462 646 2527; x_wconf 87' lang='lat' dir='ltr'><strong>qui</strong></span> <span class='ocrx_word' id='word_1_281' title='bbox 681 2480 849 2515; x_wconf 89' lang='lat' dir='ltr'><strong>rursum</strong></span> <span class='ocrx_word' id='word_1_282' title='bbox 877 2463 984 2510; x_wconf 85' lang='lat' dir='ltr'><strong>dicit</strong></span> <span class='ocrx_word' id='word_1_283' title='bbox 1006 2482 1016 2509; x_wconf 88' lang='lat'>:</span> <span class='ocrx_word' id='word_1_284' title='bbox 1045 2485 1064 2505; x_wconf 78' lang='grc' dir='ltr'>α</span> <span class='ocrx_word' id='word_1_285' title='bbox 1086 2468 1201 2512; x_wconf 83' lang='lat' dir='ltr'><strong>Deus</strong></span> <span class='ocrx_word' id='word_1_286' title='bbox 1243 2464 1433 2511; x_wconf 87' lang='lat' dir='ltr'><strong>charitas</strong></span> 
     </span>
    </p>
   </div>
   <div class='ocr_carea' id='block_1_3' title="bbox 108 2578 1431 2624">
    <p class='ocr_par' dir='ltr' id='par_1_4' title="bbox 108 2578 1431 2624">
     <span class='ocr_line' id='line_1_33' title="bbox 108 2578 1431 2624; baseline 0 -11"><span class='ocrx_word' id='word_1_287' title='bbox 108 2581 118 2605; x_wconf 82' lang='lat'><strong>¹</strong></span> <span class='ocrx_word' id='word_1_288' title='bbox 142 2579 263 2624; x_wconf 73' lang='lat' dir='ltr'><strong>Philip.</strong></span> <span class='ocrx_word' id='word_1_289' title='bbox 284 2591 323 2618; x_wconf 83' lang='grc' dir='ltr'><strong>ιι,</strong></span> <span class='ocrx_word' id='word_1_290' title='bbox 347 2583 449 2612; x_wconf 78' lang='lat'>13.--</span> <span class='ocrx_word' id='word_1_291' title='bbox 472 2578 486 2601; x_wconf 80' lang='lat'>²</span> <span class='ocrx_word' id='word_1_292' title='bbox 511 2583 604 2614; x_wconf 79' lang='lat' dir='ltr'><strong>Rom.</strong></span> <span class='ocrx_word' id='word_1_293' title='bbox 623 2591 654 2618; x_wconf 79' lang='lat' dir='ltr'><strong>x,</strong></span> <span class='ocrx_word' id='word_1_294' title='bbox 675 2582 705 2614; x_wconf 82' lang='grc'><strong>3.</strong></span> <span class='ocrx_word' id='word_1_295' title='bbox 728 2599 772 2606; x_wconf 91' lang='grc'><strong>--</strong></span> <span class='ocrx_word' id='word_1_296' title='bbox 789 2579 803 2605; x_wconf 72' lang='lat'>²</span> <span class='ocrx_word' id='word_1_297' title='bbox 825 2580 940 2614; x_wconf 72' lang='lat' dir='ltr'><strong>Matth.</strong></span> <span class='ocrx_word' id='word_1_298' title='bbox 957 2591 1031 2624; x_wconf 78' lang='lat' dir='ltr'><strong>vm,</strong></span> <span class='ocrx_word' id='word_1_299' title='bbox 1054 2594 1166 2616; x_wconf 76' lang='lat'>12.--</span> <span class='ocrx_word' id='word_1_300' title='bbox 1181 2579 1195 2604; x_wconf 81' lang='lat'><strong>⁴</strong></span> <span class='ocrx_word' id='word_1_301' title='bbox 1213 2594 1223 2613; x_wconf 79' lang='lat'>1</span> <span class='ocrx_word' id='word_1_302' title='bbox 1242 2583 1334 2613; x_wconf 83' lang='lat' dir='ltr'><strong>Joan.</strong></span> <span class='ocrx_word' id='word_1_303' title='bbox 1356 2591 1377 2624; x_wconf 74' lang='lat'><strong>⁸,</strong></span> <span class='ocrx_word' id='word_1_304' title='bbox 1398 2582 1431 2613; x_wconf 82' lang='lat'><strong>5,</strong></span> 
     </span>
    </p>
   </div>
  </div>
 </body>
</html>
