1799 3251
359 272 444 328 142
750 288 783 318 s.
828 286 1070 318 AUGUSTIM
1107 288 1309 320 muscort

348 353 395 398 in
414 369 462 397 ea
484 352 631 399 videas
651 351 739 398 ulla
770 352 964 399 locorum
989 355 1129 417 spatia
1153 353 1220 403 vel
1238 353 1467 400 intervalla
1485 348 1723 416 responde„

348 423 472 470 Nihil
495 424 560 470 ibi
592 424 698 480 tale,
726 435 774 470 ut
797 425 987 470 arbitror
1005 460 1016 480 ‚
1060 424 1226 472 invenis
1242 461 1254 481 ,
1278 425 1312 470 si
1334 425 1562 484 vigilanter
1585 424 1724 484 abigis

351 494 405 539 ab
427 505 602 557 aspectu
625 494 778 540 intimo
802 494 1020 560 quidquid
1044 495 1282 554 imaginum
1320 495 1614 558 corporalium
1648 511 1722 549 eit-.-

347 564 513 610 terioris
543 565 733 610 hominis
767 582 909 610 sensus
944 566 1103 610 invexit
1135 583 1146 610 ι
1175 565 1248 610 sed
1283 564 1392 610 forte
1431 564 1604 618 difficile
1638 575 1714 620 est.

349 635 483 680 Irruit
501 635 616 680 enim
644 635 698 680 de
713 635 1024 680 consuetudine
1044 635 1228 681 carnalis
1254 635 1372 688 vitae3
1399 636 1444 680 in
1475 636 1590 697 ipsos
1607 651 1722 698 quo-

349 722 433 768 que
449 706 672 752 interiores
693 706 843 752 oculos
863 706 990 750 turba
1016 706 1373 768 phantasmatum
1397 706 1443 750 in
1469 705 1721 751 similitudi·

350 776 479 822 nibus
499 793 733 840 corporum
762 794 773 821 ε
802 777 874 822 cui
898 776 1090 821 1¹¹sistere
1114 787 1294 821 conatus
1311 813 1323 830 ‚
1353 775 1500 820 saltem
1526 775 1723 829 auctori.-

352 856 435 891 tate
455 846 600 892 divina
624 846 855 892 exclamavi
878 883 888 901 ‚
926 846 1075 891 dolens
1107 846 1149 890 in
1174 845 1245 890 illa
1271 845 1392 891 brevi
1415 845 1611 907 Epistola
1630 881 1642 901 ‚
1679 855 1727 899 ep

354 915 490 972 di.xi19
510 916 673 963 Audiat
690 935 790 963 caro
812 917 1059 962 carnalibus
1078 917 1414 975 cogitationibus
1430 916 1567 970 ebria,
1593 915 1727 979 «Spiq

350 987 456 1032 ritus
475 997 537 1032 est
552 990 714 1034 Deus.»
730 989 879 1050 Neque
894 987 1007 1032 enim
1029 1003 1286 1048 cujusquam
1304 987 1434 1045 magis
1445 1002 1576 1048 quam
1589 986 1720 1040 etiam

349 1057 489 1120 ipsam
510 1076 648 1104 meam
674 1069 860 1104 mentem
883 1058 939 1102 ab
966 1057 1218 1117 hujusmodi
1239 1058 1426 1102 vanitate
1442 1094 1451 1111 ‚
1479 1057 1553 1102 illa
1575 1058 1720 1102 incre*

350 1127 526 1189 patione
544 1128 808 1192 compescui.
833 1127 1023 1172 Facilius
1036 1128 1204 1190 quippe
1224 1127 1487 1172 inclinamur
1507 1125 1560 1172 ad
1574 1126 1716 1182 solita,

349 1207 391 1241 et
426 1199 616 1244 amicum
650 1209 712 1244 est
742 1198 989 1243 infirmitati
1030 1198 1238 1243 humanae
1270 1199 1426 1242 animae
1449 1196 1720 1260 corporalem

350 1269 717 1314 conversationem
735 1268 947 1314 introrsus
971 1267 1038 1313 vel
1063 1268 1233 1313 mittere
1260 1267 1329 1313 vel
1349 1267 1575 1313 admittere
1591 1304 1604 1324 ,
1632 1285 1721 1322 non

350 1339 430 1384 ubi
463 1356 564 1385 sana
583 1340 805 1396 consistat,
831 1339 905 1386 sed
924 1339 1002 1384 ubi
1032 1338 1237 1398 languida
1267 1337 1458 1401 quodam
1480 1338 1611 1392 modo
1645 1349 1721 1391 aut

351 1409 579 1455 incumbat
603 1414 849 1471 autjaceat.

415 1482 572 1528 XLVI.
604 1480 795 1526 Proinde
822 1481 857 1526 si
875 1497 963 1526 non
988 1490 1109 1543 potes
1131 1479 1267 1524 aciem
1291 1479 1446 1524 mentis
1469 1489 1555 1524 tuae
1573 1496 1595 1524 a
1617 1489 1729 1525 cor-'

350 1568 582 1614 porcarum
602 1551 938 1597 similitudinum
953 1549 1074 1614 quasi
1093 1549 1246 1595 nubilo
1265 1549 1494 1612 perspicue
1512 1566 1719 1607 serenare,

349 1639 418 1666 eas
443 1622 557 1685 ipsas
578 1621 697 1684 apud
726 1632 765 1667 te
789 1621 928 1684 ipsam
953 1620 1180 1679 vigilanter
1205 1619 1403 1672 attende3
1437 1619 1605 1664 intuere
1621 1636 1718 1665 coe-s

349 1691 441 1737 lum
468 1703 509 1737 et
527 1702 684 1737 terram
710 1690 959 1751 cogitando,
982 1690 1092 1735 sicut
1124 1688 1261 1734 oculis
1283 1689 1478 1752 corporis
1502 1689 1719 1743 cernendo

351 1763 565 1808 consuesti
585 1783 596 1816 ;
623 1779 776 1826 easque
795 1762 1000 1822 imagines
1020 1760 1122 1806 coeli
1140 1771 1181 1805 et
1204 1769 1346 1815 terrae,
1370 1776 1473 1822 quoe
1490 1770 1587 1805 ante
1610 1776 1717 1814 ocu-

349 1832 414 1878 los
446 1833 720 1893 cogitationis
750 1833 981 1895 productae
1013 1841 1140 1885 sunt,
1178 1829 1277 1875 vide
1301 1829 1604 1876 similitudines
1620 1847 1733 1896 cor-K

350 1920 508 1965 porum
529 1921 632 1960 esse,
654 1920 740 1949 non
763 1920 962 1965 corpora.
989 1903 1060 1946 Sic
1079 1899 1339 1959 ergojudica
1359 1911 1509 1945 contra
1530 1900 1718 1963 teipsam

350 1992 431 2037 pro
454 1986 492 2020 te
516 1974 626 2038 ipsa,
655 1974 687 2019 si
711 1991 797 2019 non
815 1983 936 2035 potes
959 1971 1229 2017 omnifariam
1255 1970 1549 2032 corporalium
1572 1971 1730 2033 quali->

353 2055 487 2090 tatum
517 2044 789 2104 imaginarias
814 2043 975 2088 formas
1005 2041 1061 2086 ab
1083 2041 1172 2086 acie
1207 2050 1292 2085 tuae
1321 2040 1476 2085 mentis
1512 2040 1714 2100 abigere;

349 2125 390 2159 ct
419 2114 532 2160 uude
546 2114 753 2169 vinceris,
772 2112 873 2159 inde
894 2113 1117 2157 convince.
1145 2111 1294 2172 Neque
1317 2110 1427 2155 enim
1451 2121 1541 2165 est,
1564 2121 1612 2155 ut
1628 2111 1719 2174 opi-

349 2203 444 2241 nor,
466 2186 695 2249 quisquam
713 2185 840 2229 etiam
861 2183 1020 2228 talibus
1038 2181 1419 2241 imaginationibus
1441 2181 1502 2226 ita
1521 2180 1711 2237 deditus,
1730 2210 1733 2213 ·

349 2268 398 2301 ut
424 2256 571 2302 credat
596 2256 654 2300 sic
673 2272 756 2300 esse
774 2255 819 2300 in
847 2253 1053 2299 memoria
1075 2269 1176 2307 sua,
1206 2251 1273 2296 vel
1299 2251 1343 2296 in
1365 2252 1461 2314 ipso
1480 2262 1717 2314 conspectu

349 2325 621 2386 cogitationis
641 2341 752 2380 suae,
779 2324 911 2370 solem
929 2361 938 2379 ‚
960 2324 1106 2368 lunam
1126 2358 1135 2376 ,
1158 2321 1297 2366 stellas
1313 2358 1324 2375 ‚
1349 2338 1493 2367 amnes
1509 2357 1519 2376 ‚
1547 2321 1681 2368 maria
1700 2359 1712 2378 ‚

349 2407 512 2441 montes
527 2432 538 2450 ‚
564 2394 691 2440 colles
708 2431 718 2451 ‚
745 2395 873 2440 urbes
890 2431 900 2450 ‚
930 2394 1112 2456 parietes
1130 2391 1316 2454 denique
1336 2391 1492 2437 domus
1514 2408 1602 2437 suae
1617 2429 1627 2448 ‚
1651 2391 1716 2438 vel

346 2467 475 2512 etiam
494 2465 690 2511 cubiculi
709 2466 774 2510 sui
796 2502 806 2522 ‚
833 2476 875 2510 et
904 2462 1124 2527 quidquid
1146 2479 1223 2524 per
1247 2461 1395 2507 oculos
1417 2462 1613 2524 corporis
1633 2461 1717 2508 tale

345 2535 549 2596 cognovit
581 2546 623 2580 et
661 2545 804 2590 tenet,
843 2545 892 2580 ut
925 2534 1123 2580 locorum
1148 2531 1296 2595 spatiis
1322 2541 1452 2594 atque
1480 2530 1718 2579 intervallis

393 2626 458 2660 1111
475 2618 567 2661 epist.
585 2628 663 2656 και,
684 2629 717 2651 n.
739 2619 771 2651 5.
