1799 3251
604 285 816 316 EPtsToLA
853 286 995 317 cxrix.
1402 270 1487 335 187

118 352 204 398 Lex
216 351 423 405 faciebat,
444 366 546 414 quae
565 350 887 397 subintraverat
911 363 958 397 ut
983 352 1225 397 abundaret
1247 350 1453 397 delictum
1475 369 1486 397 ε

119 443 139 463 «
161 421 350 478 Tollens,
378 420 547 483 inquit,
583 420 693 466 illud
716 420 768 466 de
790 421 928 467 medio
955 432 995 467 et
1016 422 1189 482 affigens
1212 421 1325 467 illud
1350 422 1486 479 cruci,

120 514 140 534 ›>
164 509 316 537 exuens
335 508 375 536 se
393 508 537 548 carne,
560 491 834 555 principatus
852 503 893 537 et
911 504 1140 555 potestates
1155 491 1428 555 exemplavit,
1446 494 1495 538 fi-

119 584 140 605 »
161 561 388 608 ducialiter
406 561 683 625 triumphans
713 579 784 607 eos
809 563 852 608 in
874 564 1105 628 semetipso
1123 563 1140 592 1
1159 584 1170 618 3
1192 585 1211 605 ›>
1235 580 1322 608 non
1345 563 1494 626 utique

120 635 274 688 bonos,
293 633 364 678 sed
389 633 524 678 malos
554 634 828 697 principatus
843 645 883 679 et
909 634 1042 679 malas
1056 645 1288 697 potestates
1304 671 1315 689 ,
1334 634 1495 679 diabo-

119 705 222 750 licas
244 704 406 749 scilicet
421 714 461 749 et
482 704 771 750 daemoniacas
798 705 1071 768 exemplavit,
1093 706 1138 751 id
1163 706 1494 768 est,exemplum

120 774 173 820 de
196 774 278 819 illis
302 774 439 826 dedit,
462 785 508 820 ut
527 775 901 838 quemadmodum
936 776 1028 838 ipse
1049 793 1089 820 se
1115 776 1228 821 exuit
1253 792 1396 827 carne,
1434 774 1496 819 sic

121 862 218 891 suos
235 843 477 890 ostenderet
495 845 706 891 exuendos
731 845 978 890 carnalibus
999 845 1132 901 vitiis,
1150 863 1228 908 per
1243 862 1342 908 quae
1362 843 1426 889 illi
1441 844 1499 889 eis

119 915 470 961 dominabantur.

184 986 366 1032 xxvii.
403 990 496 1030 Jam
539 985 611 1031 hic
648 985 876 1045 diligenter
910 987 1080 1032 attende
1119 985 1495 1051 quemadmodum

120 1056 279 1102 inferat
317 1067 498 1120 propter
541 1056 661 1118 quod
714 1067 875 1103 cuncta
920 1058 999 1102 ista
1045 1056 1492 1102 commemoravimus.

121 1149 140 1167 «
164 1129 300 1173 Nemo
334 1144 433 1186 ergo
468 1144 569 1181 vos,
604 1127 774 1189 inquit,
810 1127 979 1186 judicet
1003 1128 1047 1172 in
1081 1128 1210 1181 cibo3
1233 1149 1253 1168 »
1285 1137 1494 1189 tanquam

122 1208 347 1260 propterea
373 1198 516 1242 onmia
539 1197 612 1242 illa
638 1197 792 1243 dixerit
839 1199 940 1260 quia
955 1199 1023 1243 isti
1042 1216 1119 1261 per
1136 1196 1393 1257 hujusmodi
1411 1196 1495 1240 ob-

120 1268 376 1313 servationes
408 1267 728 1313 seducebantur
751 1287 772 1313 a
793 1270 969 1314 veritate
989 1306 998 1323 ,
1028 1286 1113 1332 qua
1144 1268 1272 1313 liberi
1306 1268 1495 1321 fiebant3

120 1337 174 1384 de
205 1354 293 1401 qua
320 1337 487 1382 dictum
522 1348 583 1382 est
615 1337 659 1382 in
693 1339 926 1398 Evangelio
949 1357 959 1383 :
989 1361 1008 1379 «
1031 1344 1085 1383 Et
1112 1340 1267 1384 veritas
1290 1337 1495 1383 liberabit

120 1411 152 1451 >5
166 1424 241 1454 vos
255 1408 272 1436 2
296 1445 306 1463 ,
333 1406 416 1452 »id
438 1419 527 1463 est,
549 1408 709 1453 liberos
729 1408 869 1455 faciet.
896 1430 917 1451 c<
936 1410 1074 1455 Nemo
1093 1426 1194 1468 ergo
1210 1426 1283 1453 vos
1300 1443 1310 1462 ,
1325 1407 1494 1470 inquit,

121 1494 143 1521 ›>·
163 1478 329 1539 judicet
351 1478 396 1524 in
419 1479 519 1523 cibo
537 1515 547 1532 ,
589 1489 661 1524 ant
688 1479 732 1524 in
758 1489 868 1542 potu
886 1517 896 1536 ,
928 1490 1003 1525 aut
1035 1480 1079 1524 in
1113 1489 1237 1542 parte
1256 1478 1341 1524 diei
1365 1477 1460 1522 festi
1480 1514 1490 1532 ,

120 1571 141 1592 »
163 1560 237 1595 aut
262 1549 523 1603 neomeniae,
563 1559 637 1594 ant
661 1549 942 1595 sabbatorum
967 1567 976 1594 :
1003 1549 1122 1613 quod
1151 1560 1212 1594 est
1237 1548 1393 1594 umbra
1419 1547 1493 1592 fu-
1555 1605 1565 1610 ἢ

121 1643 142 1664 »
160 1631 359 1666 turorum
375 1620 423 1649 3·
413 1638 423 1665 :
450 1643 468 1661 ›
483 1620 570 1665 hoc
591 1631 773 1683 propter
798 1621 1090 1666 «Iudaismum.
1118 1620 1283 1665 Deinde
1300 1618 1494 1681 sequitul

119 1702 299 1756 propter
313 1691 636 1755 superstitiones
655 1692 922 1737 Gentilium:
939 1695 1134 1754 «Corpus
1150 1701 1290 1736 autem
1307 1688 1490 1742 Christi,

120 1783 142 1804 »
161 1762 330 1825 inquit,
362 1778 486 1807 nemo
516 1778 590 1806 vos
615 1762 847 1808 convincat
864 1761 897 1808 ⁴.
923 1783 943 1803 »
969 1763 1117 1824 Turpe
1141 1771 1202 1806 est
1222 1759 1431 1823 ‚inquit,
1453 1768 1493 1803 et

119 1832 247 1878 nimis
282 1832 601 1892 incongruum,
645 1843 686 1876 et
722 1850 743 1877 a
778 1832 1056 1891 generositate
1093 1841 1244 1878 vestrae
1282 1829 1494 1875 libeitatis

122 1903 307 1949 alienum
336 1920 346 1946 ε
371 1912 419 1947 ut
452 1919 551 1947 cum
576 1903 664 1947 sitis
697 1919 856 1965 corpus
881 1903 1074 1957 Christi,
1114 1900 1382 1947 seducamini
1401 1916 1493 1944 um-

120 1974 230 2028 bris,
249 1983 289 2018 et
314 1972 515 2018 convinci
533 1971 767 2018 videamini
786 1973 919 2018 veluti
940 1982 1168 2035 peccantes
1187 2008 1198 2028 ,
1225 1971 1258 2016 si
1286 1970 1383 2015 haec
1408 1970 1494 2014 ob-

121 2061 286 2092 servare
309 2043 538 2103 negligitis.
565 2065 584 2084 «
607 2043 778 2107 Corpus
798 2060 897 2103 ergo
922 2043 1112 2098 Christi,
1141 2059 1266 2087 nemo
1292 2057 1365 2086 vos
1386 2057 1490 2085 con-

123 2138 144 2158 »
168 2114 474 2160 vincatvolens
488 2113 533 2159 in
553 2113 800 2160 humilitate
819 2113 976 2160 cordis.
1004 2135 1023 2154 »
1042 2114 1138 2158 Hoc
1158 2112 1188 2157 si
1211 2129 1289 2175 per
1312 2111 1492 2156 verbum

122 2202 313 2247 graecum
333 2184 566 2240 diceretur,
588 2186 714 2230 etiam
740 2185 784 2230 in
800 2185 934 2230 latina
962 2183 1271 2229 consuetudine
1293 2181 1496 2246 populari

122 2267 291 2303 sonaret
318 2256 528 2302 usitatius
559 2257 631 2302 Sic
659 2256 770 2301 enim
799 2267 840 2301 et
866 2255 994 2315 vulgo
1016 2255 1200 2304 dicitnr,
1220 2254 1296 2318 qui
1315 2253 1494 2298 divitem

124 2329 316 2390 affectat,
352 2326 612 2382 thelodives.
653 2338 694 2372 et
726 2327 802 2391 qui
829 2326 1066 2389 sapientem
1102 2324 1390 2387 thelosapiens
1408 2360 1418 2378 ,
1455 2333 1495 2368 et

123 2409 277 2445 caetera
301 2396 574 2455 hujusmodi.
607 2399 720 2457 Ergo
738 2408 778 2442 et
799 2396 874 2442 hic
899 2395 1200 2441 thelohumilis
1217 2433 1226 2450 ‚
1250 2393 1369 2458 quod
1397 2393 1495 2457 plc-

123 2470 220 2517 nius
236 2467 397 2512 dicitur
418 2466 566 2512 thelon
585 2467 764 2513 humilis
783 2505 792 2514 .
816 2467 862 2512 id
879 2477 965 2522 est,
983 2466 1130 2514 volens
1150 2464 1329 2522 humilis
1344 2501 1354 2521 ,
1373 2465 1496 2510 affec-

125 2537 518 2585 tanshmnilitatem
534 2576 543 2585 .
560 2538 678 2601 quod
693 2537 964 2598 intelligitur,
987 2536 1136 2583 volens
1146 2535 1282 2582 videri
1299 2534 1493 2589 humilis,

174 2624 182 2644 ¹
200 2621 318 2655 Col==›s-
337 2631 367 2657 Η,
393 2620 444 2652 ¹5·
472 2639 508 2644 -—
526 2620 540 2641 ‘²
555 2624 653 2653 Joan.
679 2631 750 2659 xm,
772 2624 825 2653 32.
844 2639 884 2645 -—-
905 2618 919 2642 3
938 2621 1060 2653 Coloss.
1079 2632 1112 2658 ιι,
1134 2632 1182 2659 ¹7·
1201 2638 1243 2644 -
1260 2617 1273 2642 ⁴
1288 2619 1367 2650 Ibid.
1388 2620 1437 2649 18.
