1799 3251
583 297 793 334 nmsrota
828 298 1002 335 crxx1x.
1384 288 1473 357 4¹7

108 380 196 432 quo
221 364 257 414 ei
290 363 520 431 respondi,
553 367 668 413 unde
702 367 939 431 perspiciat
975 366 1275 417 venerabilitas
1302 383 1437 418 vestra
1461 409 1472 428 ‚

109 455 240 502 quam
263 439 442 498 gratiam
464 437 531 484 vel
552 437 816 498 adJutorium
842 438 922 484 Dei
939 438 1058 485 dieat
1075 477 1086 496 ‚
1115 439 1290 502 quando
1314 441 1377 489 iui
1398 443 1477 487 ob-

102 508 256 568 jicitur
276 506 394 571 quod
417 508 566 567 gratiae
584 507 666 553 Dei
683 517 723 553 et
743 507 959 567 adjutorio
981 510 1267 557 contradicat.
1287 511 1478 558 Proinde

108 576 285 624 ostende
318 576 382 622 illi
404 576 601 623 docendo
620 614 631 633 ,
668 587 711 623 et
734 577 953 624 hortando
972 616 982 636 ‚
1011 589 1053 624 et
1081 597 1162 643 pro
1194 584 1284 640 ejus
1307 581 1442 627 salute
1465 620 1476 638 ,

106 664 206 712 quae
228 648 274 694 in
300 648 476 694 Christo
501 664 587 693 esse
610 647 756 702 debet,
786 649 950 695 orando
971 685 981 705 ,
1007 661 1055 695 ut
1079 668 1169 696 eam
1188 652 1270 697 Dei
1297 653 1479 712 gratiam

108 720 367 764 confiteatur
377 755 388 775 ,
416 735 547 780 quam
571 718 817 781 probantur
843 719 977 764 sancti
1010 721 1087 764 Dei
1110 720 1238 766 fuisse
1265 723 1448 768 confessi
1471 759 1482 781 ,

108 804 210 834 cum
231 806 252 834 a
277 789 465 834 Domino
485 806 531 834 ea
547 788 630 851 ipsi
654 799 873 851 peterent,
901 805 1001 852 quae
1031 789 1115 834 illis
1133 791 1323 849 jubebat
1350 803 1397 837 ut
1419 792 1483 838 fa-

108 869 267 905 cerent.
293 859 511 915 Quoniam
531 876 669 922 neque
682 859 959 918 juberentur,
989 859 1071 905 nisi
1087 871 1132 905 ut
1152 872 1298 907 nostra
1321 862 1481 909 volun-

109 939 172 974 tas
209 929 529 985 ostenderetur3
567 946 705 992 neque
738 940 1018 992 peterentur,
1051 931 1133 977 nisi
1164 942 1211 977 ut
1245 932 1482 980 voluntatis

107 999 339 1045 infirmitas
363 999 419 1044 ab
438 998 512 1044 illo
534 999 610 1061 qui
622 1002 807 1058 jusserat
822 1034 832 1056 ‚
848 1004 1088 1059 juvaretur.

171 1069 245 1116 VI.
286 1072 444 1133 Aperte
481 1069 769 1129 interrogetur
804 1081 954 1116 utrum
983 1071 1022 1116 ei
1055 1071 1227 1134 placeat
1264 1074 1480 1121 orandum

107 1156 195 1186 esse
231 1141 457 1186 aDomino
476 1157 528 1185 ne
550 1157 796 1203 peccemus.
823 1139 954 1197 Quod
975 1141 1007 1186 si
1022 1141 1059 1187 ei
1080 1141 1298 1205 displicet,
1318 1145 1488 1206 legatur

108 1211 153 1257 in
180 1212 360 1258 auribus
384 1215 475 1270 eJ'us
514 1210 746 1273 Apostolus
779 1210 926 1257 dicens
943 1249 953 1267 ‚
994 1212 1224 1259 «Oramus
1256 1226 1397 1261 autem
1425 1216 1483 1263 ad

110 1303 131 1324 »
154 1282 314 1338 Deum,
335 1298 388 1327 ne
408 1280 515 1344 quid
531 1280 698 1326 faciatis
713 1281 815 1326 mali
831 1280 860 1325 1.
877 1305 891 1320 »
925 1282 969 1327 Si
991 1292 1131 1328 autem
1153 1283 1312 1346 placet,
1340 1297 1487 1349 aperte

109 1351 322 1416 praedicet
345 1352 524 1412 gratiam
543 1388 553 1406 ,
578 1368 664 1414 qua
681 1354 911 1409 juvamur,
945 1369 998 1397 ne
1019 1352 1111 1416 ipse
1137 1352 1268 1400 faciat
1296 1355 1487 1402 multum

110 1421 228 1468 mali.
246 1422 341 1468 Hac
365 1421 477 1467 enim
501 1421 640 1480 gratia
656 1421 733 1466 Dei
752 1425 987 1484 pel-Jesum
1002 1422 1226 1468 Christum
1246 1425 1485 1472 Dominum

110 1505 308 1541 nostrum
328 1511 473 1540 omnes
497 1493 741 1539 liberantur
762 1530 772 1549 ‚
797 1494 1063 1557 quicumque
1081 1494 1325 1543 liberantur
1345 1516 1355 1543 ι
1376 1515 1485 1562 quo-

110 1566 227 1611 niam
250 1582 403 1619 nemo,
433 1574 593 1627 praeter
620 1563 785 1626 ipsam,
820 1563 1018 1626 quolibet
1049 1564 1130 1610 alio
1158 1566 1289 1611 modo
1309 1567 1485 1614 liberari

112 1646 267 1699 potest.
297 1637 484 1698 Propter
501 1634 589 1680 hoc
618 1635 830 1697 scriptum
853 1646 939 1690 est,
970 1655 991 1676 «
1013 1635 1137 1681 Sicut
1158 1636 1200 1681 in
1224 1637 1362 1684 Adam
1384 1655 1485 1685 om-

114 1728 135 1749 »
160 1724 233 1753 nes
263 1707 534 1762 moriuntur,
576 1706 636 1751 sic
669 1716 711 1750 et
739 1706 783 1750 in
816 1705 992 1751 Christo
1028 1723 1174 1752 omnes
1197 1708 1486 1756 vivificabun-

113 1798 135 1819 »
154 1777 253 1822 tur2
278 1795 288 1821 :
316 1799 331 1818 n
370 1793 456 1821 non
490 1775 592 1838 quia
625 1792 751 1820 nemo
785 1774 1085 1832 damnabitur3
1115 1777 1186 1822 sed
1223 1779 1326 1842 quia
1356 1797 1483 1826 nemo

114 1847 235 1893 aliter
267 1846 540 1892 liberabitur.
583 1845 697 1902 Quia
721 1846 832 1891 sicut
868 1845 977 1891 nulli
1011 1847 1091 1891 nisi
1127 1865 1204 1910 per
1237 1848 1376 1894 Adam
1403 1851 1484 1897 filii

110 1917 331 1973 hominis„
359 1917 419 1962 ita
453 1916 563 1962 nulli
597 1916 679 1961 nisi
711 1933 789 1979 per
815 1916 1041 1962 Christum
1078 1917 1152 1962 filii
1189 1919 1279 1965 Dei.
1318 1920 1481 1967 Omnes

111 1988 256 2051 itaque
282 1987 360 2033 filii
381 1987 570 2033 hominis
598 1987 769 2032 nonnisi
803 2004 881 2050 per
908 1987 1070 2041 Adam,
1092 1999 1132 2033 et
1169 2006 1314 2036 omnes
1344 2009 1391 2036 ex
1422 1994 1481 2038 eis

111 2057 192 2103 filii
217 2058 295 2104 Dei
320 2057 492 2104 nonnisi
522 2075 598 2120 per
624 2057 852 2103 Christum
875 2059 967 2103 fieri
993 2070 1188 2121 possunt.
1222 2063 1379 2123 Aperte
1401 2064 1482 2109 ita-

111 2145 196 2192 que
221 2130 349 2175 etiam
378 2130 484 2175 hinc
503 2130 712 2192 exprimat
733 2129 838 2192 quid
862 2131 1043 2185 sentiat,
1073 2141 1218 2176 utrum
1251 2133 1420 2194 placeat
1443 2136 1481 2182 ei

112 2200 240 2245 etiam
266 2199 493 2263 parvulos,
514 2201 590 2262 qui
618 2199 811 2245 nondum
832 2199 1046 2258 justitiam
1076 2211 1257 2263 possunt
1279 2202 1388 2248 velle
1414 2206 1483 2251 vel

113 2268 227 2315 nolle
244 2307 254 2326 ‚
280 2281 421 2315 tamen
445 2281 626 2333 propter
659 2286 796 2315 unum
827 2270 1045 2314 hominem
1064 2306 1073 2324 ‚
1112 2287 1189 2333 per
1211 2288 1339 2334 quem
1373 2291 1482 2336 pec-

114 2351 259 2386 eatum
285 2341 463 2386 intravit
485 2341 530 2385 in
554 2340 766 2385 mundum
788 2378 798 2396 ‚
836 2352 875 2386 et
900 2357 977 2403 per
1003 2352 1232 2403 peccatum
1268 2361 1383 2390 mors
1404 2383 1414 2401 ‚
1442 2357 1484 2392 et

114 2412 171 2457 ita
194 2412 238 2456 in
263 2429 410 2457 omnes
434 2411 630 2456 homines
653 2412 927 2474 pertransiit,
964 2412 1009 2456 in
1034 2428 1121 2475 quo
1151 2429 1298 2459 omnes
1325 2432 1485 2478 pecea-

115 2493 271 2529 verunt
288 2481 324 2537 3,
348 2499 426 2544 per
452 2481 615 2527 Christi
636 2483 818 2541 gratiam
844 2482 1038 2529 liberari.
1071 2483 1226 2529 Utrum
1248 2485 1376 2531 etiam
1402 2505 1484 2550 pro

116 2554 219 2617 ipsis
252 2552 395 2598 fusum
419 2550 567 2597 credat
598 2553 849 2612 sanguinem
883 2552 1048 2599 Christi
1070 2564 1252 2617 propter
1280 2556 1487 2617 originale

168 2637 214 2666 ¹2
233 2637 501 2675 C0r‚x111,7.-
528 2634 542 2657 ‘⁴’
563 2635 605 2667 Id.
625 2647 675 2673 xv,
693 2648 747 2672 22,
771 2656 812 2662 —-
829 2634 842 2659 3
863 2641 954 2671 Rom.
974 2648 1003 2676 v,
1024 2649 1075 2673 ¹2.

252 2706 414 2736 CXLVH.
1304 2712 1359 2759 97
