1799 3251
284 291 369 337 190
698 290 732 318 S.
777 286 1022 317 AUGUSTINI
1057 286 1262 317 EPISCOPI

275 378 297 397 n
319 355 435 400 tione
451 363 491 399 et
513 351 760 398 humilitate
786 351 928 397 cordis
952 369 962 396 ε
990 374 1008 393 >2
1024 350 1070 396 id
1094 362 1182 407 est,
1207 362 1339 411 agunt
1363 352 1443 396 ista
1460 388 1471 407 ‚
1493 361 1543 396 ut
1566 367 1644 396 su-

274 424 535 490 perstitionis
570 423 671 468 vitio
708 438 784 467 cor
821 421 1088 468 humilietur.
1117 443 1136 463 ε(
1161 421 1227 467 Ad
1256 439 1344 467 non
1378 420 1650 484 parcendum

278 518 299 538 ›>
320 494 518 558 corpori3
540 515 559 535 »
592 493 698 538 dum
730 491 959 537 fraudatur
981 492 1071 537 istis
1095 492 1225 546 escis,
1254 492 1418 555 quibus
1454 489 1651 554 compel-

277 568 381 613 litur
415 565 640 611 abstinere.
675 585 694 604 α
716 565 811 609 Non
838 563 882 607 in
913 563 1078 607 honore
1114 562 1260 625 aliquo
1294 562 1349 607 ad
1385 562 1651 607 saturitatem

281 660 300 679 »
323 637 464 682 carnis
485 652 495 679 :
513 655 532 675 >2
547 651 634 679 non
652 632 770 696 quod
794 633 1049 678 honoratius
1068 632 1142 677 illo
1162 633 1294 692 magis
1310 649 1440 695 quam
1459 631 1534 676 illo
1551 631 1652 676 cibo

279 724 379 753 caro
408 715 640 759 saturetur,
666 720 765 748 cum
791 702 841 747 ad
863 706 955 762 ejus
980 702 1277 748 necessitatem
1300 719 1386 747 non
1410 703 1654 765 pertineat,

280 777 360 823 nisi
383 773 831 840 quolibetvaletudini
851 784 951 836 apto
974 773 1178 818 alimento
1200 773 1316 818 refici
1339 783 1468 835 atque
1486 771 1647 818 fulciri.

345 847 508 894 XXXI.
561 849 852 905 Quoestc'ones
893 843 949 889 (le
991 845 1259 905 Evangelio.
1294 845 1553 906 Responsio
1590 842 1659 889 acl

282 920 617 983 quoeslz'onenz‚
641 916 887 978 quomodo
916 915 1124 960 Christus
1148 925 1255 977 post
1274 917 1654 958 resurrectionem

284 993 468 1053 agnitus
490 998 535 1031 ec
560 1004 654 1031 non
685 990 876 1047 agnitas
899 990 974 1030 sit.
998 1014 1060 1018 ——
1080 987 1143 1031 De
1171 984 1403 1044 Evangelio
1432 983 1655 1046 inquisitio

280 1071 354 1106 tua
377 1058 482 1104 solet
503 1056 659 1102 multos
681 1072 874 1110 movere,
902 1055 1122 1118 quomodo
1150 1055 1367 1100 Dominus
1393 1065 1494 1117 post
1519 1069 1656 1099 resur-

278 1129 512 1177 rectionem
529 1163 540 1182 ‚
558 1143 659 1171 cum
678 1125 723 1170 in
740 1125 889 1170 eodem
911 1143 1091 1189 corpore
1111 1126 1315 1180 surrexit,
1338 1143 1360 1170 a
1381 1123 1654 1189 quibusdam

277 1201 354 1265 qui
369 1216 468 1246 eum
484 1205 718 1248 noverant,
739 1196 961 1258 utriusque
982 1213 1100 1242 sexus
1120 1195 1393 1250 hominibus,
1418 1206 1460 1240 et
1479 1195 1652 1255 agnitus

284 1288 373 1317 non
397 1270 475 1324 sit,
499 1278 540 1313 et
572 1266 739 1326 agnitus
762 1267 829 1312 sit.
863 1266 947 1312 Ubi
978 1266 1170 1329 primum
1190 1265 1327 1329 quaeri
1349 1265 1481 1320 solet,
1510 1276 1657 1310 utrum

286 1342 331 1387 in
352 1344 442 1400 ejus
460 1354 665 1401 corpore,
697 1354 749 1381 an
781 1337 929 1400 potius
949 1337 995 1382 in
1014 1337 1187 1382 illorum
1214 1336 1350 1382 oculis
1383 1335 1544 1399 aliquid
1565 1335 1659 1381 fac-

288 1422 382 1457 tum
418 1410 494 1464 sit,
529 1424 617 1471 quo
657 1423 745 1452 non
778 1407 911 1469 possit
947 1408 1151 1466 agnosci?
1178 1411 1287 1452 Cum
1324 1405 1437 1451 enim
1469 1405 1654 1465 legitur:

288 1502 309 1523 «
334 1479 610 1526 Tenebantur
629 1475 746 1521 oculi
771 1493 919 1521 eorum
937 1493 989 1521 ne
1010 1486 1286 1536 agnoscerent
1302 1492 1399 1520 eum
1413 1474 1430 1503 1
1447 1495 1458 1528 ;
1476 1496 1496 1516 »
1516 1476 1660 1538 impe-

288 1550 530 1597 dimentum
569 1545 793 1610 quoddam
834 1546 1095 1606 agnoscendi
1136 1546 1308 1591 videtur
1342 1546 1387 1590 in
1422 1545 1663 1599 luminibus

287 1621 453 1668 factum
474 1634 559 1663 esse
580 1616 849 1662 cernentium
873 1634 883 1661 ε
907 1634 1009 1662 cum
1031 1634 1133 1663 vero
1159 1627 1306 1679 aperte
1330 1616 1435 1662 alibi
1463 1616 1624 1662 dicitur
1646 1633 1657 1660 :

289 1713 310 1733 «
336 1688 556 1754 Apparuit
573 1687 632 1732 eis
650 1687 696 1732 in
717 1686 798 1732 alia
829 1687 997 1749 effigie2
1016 1725 1027 1744 ‚
1050 1710 1070 1729 »
1094 1688 1242 1750 utique
1272 1687 1316 1732 in
1338 1687 1431 1750 ipso
1454 1704 1658 1750 corpore,

290 1765 415 1821 cujus
436 1759 517 1804 alia
537 1768 627 1803 erat
644 1756 800 1817 effigies
819 1794 830 1811 ‚
853 1757 1023 1821 aliquid
1043 1758 1207 1803 factum
1227 1756 1377 1813 fuisse,
1404 1774 1491 1820 quo
1517 1759 1663 1821 impe-

290 1831 482 1877 dimento
503 1838 767 1883 tenerentur,
794 1827 839 1872 id
861 1838 923 1873 est
940 1866 950 1884 ‚
975 1846 1139 1874 moram
1168 1827 1426 1888 agnoscendi
1457 1839 1663 1891 pateren-

292 1913 363 1948 tur
378 1899 493 1945 oculi
509 1897 700 1943 illorum.
725 1897 810 1942 Sed
828 1915 905 1957 ego
924 1899 1057 1943 miror
1074 1916 1174 1944 cum
1193 1898 1281 1943 duo
1299 1899 1442 1942 sintin
1459 1915 1659 1961 corpore,

290 1971 451 2035 quibus
478 1971 688 2030 cujusque
706 1967 866 2030 species
885 1979 1161 2027 agnoscatur,
1185 1968 1439 2013 lineamenta
1459 1979 1499 2013 et
1522 1968 1658 2023 color,

293 2058 372 2087 cur
387 2049 481 2085 ante
498 2036 880 2093 resurrectionem,
901 2037 1018 2100 quod
1034 2039 1079 2083 in
1097 2051 1240 2083 monte
1257 2038 1316 2082 ita
1338 2039 1664 2098 transfiguratus

292 2122 378 2167 est,
405 2120 452 2155 ut
475 2110 594 2154 fieret
617 2107 763 2152 vultus
784 2111 818 2166 ej
829 2124 875 2152 us
897 2108 1268 2170 splendidissimus
1293 2108 1403 2153 sicut
1427 2108 1512 2164 sol,
1530 2109 1665 2154 nemi·

291 2199 390 2228 nem
409 2188 553 2225 movet
571 2194 668 2223 eum
694 2194 829 2240 usque
853 2177 908 2223 ad
931 2188 1098 2224 tantam
1123 2179 1415 2224 excellentiam
1428 2178 1607 2238 fulgoris
1624 2190 1665 2225 et

294 2252 403 2298 lucis
426 2250 615 2296 colorem
640 2248 706 2293 sui
736 2249 932 2311 corporis
966 2261 1132 2295 mutare
1156 2249 1365 2312 potuisse3
1390 2260 1431 2295 et
1461 2261 1558 2313 post
1594 2268 1664 2297 re-

295 2322 603 2367 surrectionem
623 2329 768 2363 movet
789 2319 1058 2382 aliquatenus
1081 2320 1338 2365 lineamenta
1360 2330 1522 2366 mutata
1549 2339 1634 2366 csse
1650 2359 1661 2377 2

296 2403 345 2438 ut
367 2408 450 2436 non
476 2399 620 2452 posset
646 2388 845 2447 agnosci3
869 2400 909 2434 et
928 2406 1096 2435 rursum
1132 2389 1279 2434 eadem
1305 2391 1509 2452 potentiae
1530 2391 1665 2436 facul-

296 2473 381 2507 tate
396 2498 406 2516 ,
427 2461 540 2505 sicut
557 2468 664 2502 tune
684 2459 915 2520 pristinum
951 2460 1139 2505 colorem
1160 2497 1169 2515 ,
1197 2460 1257 2505 sic
1276 2470 1315 2505 et
1336 2471 1433 2523 post
1458 2478 1665 2507 resurrec-

297 2534 455 2578 tionem
483 2528 663 2592 pristina
697 2529 956 2575 lineamenta
993 2546 1226 2577 revocasse.
1267 2531 1377 2575 Nam
1411 2541 1453 2576 et
1486 2530 1549 2576 illi
1584 2542 1666 2577 tres

345 2616 353 2636 ¹
373 2619 446 2648 Luc.
462 2623 547 2649 xxiv,
570 2612 622 2644 16.
636 2628 680 2633 -
695 2609 709 2633 2
729 2609 831 2645 Marc.
848 2621 913 2651 xvi,
937 2623 988 2646 12.
