1799 3251
568 295 774 325 lirn'rots
814 297 945 325 ctvtt.
1353 281 1443 341 269

76 364 213 410 fidelis
233 380 351 409 suam
379 361 620 408 libertatem
636 398 646 415 ,
671 377 722 405 ne
741 361 797 405 ita
819 378 860 405 se
885 361 1129 420 subjectum
1157 360 1338 423 deputet
1361 379 1443 407 ser·

74 435 202 480 vituti
221 444 268 479 ut
291 434 427 497 ipsam
447 431 640 477 dimittat
667 429 797 476 fidem
813 468 823 487 ,
848 448 899 476 ne
920 434 1148 490 conjugem
1175 430 1344 476 amittat
1376 431 1439 476 in-

79 504 264 550 fidelem.

140 575 326 621 XXXII.
351 573 448 619 Hoc
467 584 507 618 et
532 573 584 619 de
604 572 701 618 filiis
721 583 849 636 atque
870 572 1124 636 parentibus
1138 609 1147 625 ‚
1166 571 1253 617 hoc
1277 571 1331 617 de
1350 571 1442 618 fras

77 645 218 691 tribus
234 656 276 691 et
295 645 520 690 sororibus
542 644 813 703 intelligitur,
841 654 1023 707 propter
1052 643 1279 688 Christum
1299 659 1444 690 omnes

78 732 164 761 esse
180 714 459 761 dimittendos
476 752 486 771 ,
503 732 604 760 cum
622 715 886 779 proponitur
900 715 980 760 ista
997 713 1213 769 conditio,
1228 724 1275 758 ut
1298 714 1447 760 Chris-

81 796 171 831 tum
200 785 417 842 dimittat,
441 785 474 830 si
496 785 590 831 illos
621 802 765 832 secum
788 786 952 832 hahere
975 784 1202 831 desiderat.
1233 784 1328 830 Hoc
1347 802 1446 845 ergo

80 866 123 902 et
138 856 191 902 de
217 856 348 902 domo
368 866 496 920 atque
521 856 631 916 agris
646 893 656 912 ,
677 856 763 902 hoc
785 867 827 902 et
849 857 902 902 de
917 856 968 902 iis
985 856 1114 901 rebus
1139 857 1348 918 quaejure
1369 873 1450 918 pe-

82 926 276 972 cuniario
290 926 583 990 possidentur,
605 926 804 972 hocloco
821 925 1125 990 accipiendum
1147 935 1220 971 est.
1245 925 1453 972 Similiter

81 996 194 1043 enim
218 996 347 1042 etiam
369 996 422 1042 de
436 995 504 1042 his
524 1013 611 1042 non
636 997 695 1042 ait
716 1014 726 1042 ε
750 997 1028 1061 Quicumque
1049 995 1293 1043 vendiderit
1312 1014 1453 1060 prop-

84 1078 146 1114 ter
170 1084 236 1113 me
254 1084 546 1131 quaecumque
568 1068 740 1114 licitum
764 1079 826 1114 est
845 1068 1054 1121 vendere3
1078 1066 1150 1112 sed
1166 1104 1176 1122 ,
1196 1087 1215 1107 «
1235 1068 1455 1124 Quicum-

84 1160 105 1181 »
129 1155 212 1202 que
230 1137 456 1184 dimiserit.
482 1160 500 1180 ›>
524 1139 634 1185 Fieri
649 1140 762 1185 enim
778 1150 920 1203 potest
937 1149 983 1185 ut
1006 1138 1178 1184 dicatur
1204 1138 1456 1185 Christiano

84 1209 140 1255 ab
163 1208 306 1273 aliqua
323 1220 563 1273 potestate:
591 1213 674 1257 Aut
703 1210 976 1256 Christianus
1003 1227 1091 1256 non
1123 1209 1229 1265 eris,
1262 1220 1336 1255 aut
1355 1210 1387 1255 si
1411 1210 1455 1256 in

84 1279 170 1325 hoc
199 1297 452 1343 permanere
484 1281 691 1339 volueris,
729 1281 933 1337 domum,
971 1280 1339 1344 possessionesque
1370 1298 1457 1326 non

83 1350 283 1397 habebis.
308 1352 435 1397 Tunc
461 1368 560 1398 vero
585 1353 710 1398 etiam
731 1352 795 1398 illi
819 1352 973 1398 divites
992 1388 1002 1407 ,
1031 1351 1168 1415 quiin
1190 1351 1275 1396 suis
1298 1350 1460 1397 divitiis

85 1420 145 1466 sic
178 1432 417 1467 statuerant
447 1440 723 1486 permanere,
761 1433 809 1469 ut
836 1440 883 1468 ex
912 1439 1060 1468 earum
1094 1422 1222 1466 bonis
1251 1421 1458 1485 operibus

84 1503 436 1554 promererentur
473 1496 614 1539 Deum
639 1532 648 1551 ,
687 1494 786 1539 haec
833 1493 1055 1539 dimittant
1092 1492 1237 1556 potius
1278 1502 1460 1556 propter

88 1561 313 1609 Christum
329 1601 339 1620 ,
366 1581 496 1628 quam
512 1576 694 1629 propter
711 1565 810 1610 haec
835 1565 1060 1611 Christum
1079 1601 1089 1621 ,
1110 1574 1157 1609 ut
1175 1563 1396 1626 accipiant
1414 1565 1458 1610 in

86 1632 173 1678 hoc
200 1635 358 1681 saeculo
378 1635 651 1699 centuplum,
674 1640 799 1697 cujus
822 1636 992 1682 numeri
1015 1635 1280 1698 perfectione
1294 1634 1461 1694 signifi-

88 1714 245 1750 cantur
275 1706 419 1752 omnia
444 1724 454 1751 t
490 1706 674 1768 (Fidelis
702 1707 868 1770 quippe
900 1706 1091 1752 hominis
1118 1715 1231 1751 totus
1272 1705 1461 1752 mundus

89 1773 338 1822 divitiarum
361 1787 445 1832 est3
474 1777 672 1841 fiuntque
702 1777 789 1822 hoc
823 1776 953 1822 modo
973 1775 1094 1839 quasi
1115 1774 1228 1820 nihil
1251 1775 1461 1822 habentes

90 1856 131 1891 et
155 1847 298 1892 omnia
321 1846 610 1910 possidentesl
630 1848 674 1910 z)
705 1847 811 1893 etin
843 1847 991 1893 futuro
1023 1844 1182 1892 saeculo
1214 1845 1464 1909 possideant

90 1916 222 1962 vitam
241 1927 443 1963 aeternam
459 1955 469 1973 ‚
498 1936 549 1963 ne
574 1929 756 1982 propter
776 1918 854 1964 ista
879 1917 1053 1963 dimisso
1081 1916 1258 1962 Christo
1282 1915 1326 1961 in
1351 1934 1464 1963 mor-

91 1996 177 2032 tem
197 1988 532 2052 praecipitentur
545 2000 764 2036 aeternam.

155 2059 369 2106 XXXIII.
394 2060 489 2107 Hac
513 2061 679 2125 quippe
702 2061 792 2122 lege
809 2071 850 2106 et
869 2058 1119 2106 conditione
1135 2095 1146 2116 ,
1171 2076 1257 2105 non
1284 2058 1347 2105 ilIi
1373 2070 1466 2106 tan-

92 2138 185 2175 tum
206 2131 282 2194 qui
298 2131 452 2177 mentis
473 2132 719 2178 excellentia
742 2130 1018 2196 perfectionis
1043 2130 1272 2176 consilium
1295 2147 1467 2194 recepe-

93 2211 219 2258 runt,
238 2213 286 2248 ut
306 2203 478 2249 vendita
505 2220 581 2249 sua
601 2203 871 2268 pauperibus
897 2201 1224 2258 distribuerent,
1249 2212 1290 2247 et
1308 2202 1468 2249 hume-

93 2273 152 2318 ris
183 2273 238 2318 ab
277 2274 395 2319 omni
437 2274 585 2320 saeculi
632 2275 765 2334 hujus
806 2272 975 2319 sarcina
1016 2272 1298 2317 liberioribus
1332 2272 1471 2319 levem

97 2343 264 2390 Christi
280 2344 491 2390 sarcinam
512 2344 669 2391 ferrent
688 2365 699 2398 ;
723 2343 795 2389 sed
810 2344 940 2388 etiam
963 2341 1159 2406 quisquis
1172 2342 1402 2398 infirmior,
1432 2353 1475 2389 et

97 2425 138 2460 et
154 2415 216 2461 illi
237 2415 554 2476 gloriosissimae
576 2413 830 2479 perfectioni
848 2413 991 2459 minus
1008 2413 1188 2459 idoneus
1205 2450 1215 2469 ,
1237 2413 1315 2477 qui
1337 2424 1477 2460 tamen
1530 2452 1540 2457 .

97 2486 340 2532 meminerit
361 2503 404 2532 se
419 2487 625 2532 veraciter
641 2503 726 2532 esse
740 2483 1058 2541 Christianum,
1076 2500 1176 2529 cum
1194 2483 1379 2530 audierit
1391 2485 1476 2530 sibi

100 2558 288 2622 proponi
307 2596 317 2611 ‚
343 2557 463 2623 quod
495 2558 576 2604 nisi
599 2558 698 2604 haec
724 2556 871 2604 omnia
892 2554 1127 2612 dimiserit,
1149 2554 1402 2602 dimissurus
1418 2566 1480 2602 est

147 2642 157 2665 ¹
181 2645 271 2675 Prov.
293 2653 372 2686 xvir,
395 2647 462 2685 post
484 2642 515 2681 6,
528 2643 619 2685 juxta
636 2654 708 2674 Lxx.
