1799 3251
331 286 422 331 256
740 298 772 326 s.
820 293 1059 325 Accus'rmi
1097 294 1297 324 Episcopi

333 387 353 409 ι)
371 364 530 412 Christi
551 363 727 408 daretur
752 360 1028 406 credentibus
1044 359 1109 406 ⁴1.»
1129 361 1236 406 Haec
1258 359 1406 415 verba,
1432 358 1462 404 si
1485 359 1697 419 agnoscis,

333 434 570 499 apostolica
595 442 693 478 sunt
717 449 727 476 :
757 431 810 476 de
835 447 918 493 qua
954 432 1065 490 Lege
1091 431 1246 476 iterum
1279 429 1409 485 dicit,
1438 450 1457 469 α
1477 431 1558 474 Lex
1581 447 1702 492 prae-

337 528 357 548 »
378 503 651 551 varicationis
673 502 807 563 gratia
827 501 964 564 posita
989 511 1051 545 est
1068 538 1079 556 ‚
1104 501 1242 546 donec
1268 500 1429 545 veniret
1447 517 1584 545 semen
1605 537 1615 555 ,
1630 499 1702 546 cui

336 598 356 618 ³>
377 575 637 638 promissum
661 583 748 626 est,
793 570 1000 633 disposita
1038 587 1116 632 per
1150 568 1332 629 Angelos
1367 569 1412 614 in
1442 587 1573 615 manu
1609 586 1702 615 me-

332 668 353 688 »
373 646 549 691 diatoris
565 645 598 691 2.
625 666 644 685 ›>
673 643 897 688 Christum
929 641 1253 695 commendans,
1286 644 1409 700 cujus
1437 641 1571 700 gratia
1596 640 1702 686 salvi

334 718 446 762 fiunt
469 732 614 761 omnes
637 752 647 770 ‚
671 715 759 759 sive
783 711 954 775 parvuli
982 729 1003 755 a
1033 711 1123 770 lege
1146 711 1315 774 peceati
1340 721 1381 756 et
1400 712 1574 765 mortis,
1599 728 1701 756 cum

333 803 418 849 qua
444 787 531 831 nati
553 801 698 830 sumus
721 801 731 828 t
760 784 845 827 sive
866 785 1064 840 majores,
1094 782 1170 843 qui
1196 781 1306 826 male
1332 792 1497 826 utentes
1522 780 1701 826 arbitrio

330 855 563 901 voluntatis
585 892 595 910 ‚
618 853 962 917 praevaricarunt
990 851 1124 910 legem
1144 850 1384 896 naturalem
1405 850 1542 913 ipsius
1564 851 1701 895 ratio-

332 927 421 972 nis:
446 927 531 972 sive
552 927 627 989 qui
649 927 804 984 Legem
833 933 1121 985 acceperunt3
1146 940 1247 985 quae
1273 922 1373 967 data
1394 933 1454 967 est
1471 939 1548 985 per
1569 927 1701 984 Moy-

330 1014 403 1042 sen
422 1034 432 1050 ,
457 1013 637 1059 eamque
663 994 1001 1058 praevaricantes
1018 992 1160 1037 littera
1187 992 1316 1037 occisi
1339 1002 1452 1037 sunt.
1471 996 1581 1037 Cum
1601 1008 1702 1036 vero

330 1069 456 1113 etiam
482 1065 727 1125 evangelica
755 1073 978 1126 praecepta
994 1063 1127 1107 homo
1148 1062 1428 1124 praevaricat,
1457 1063 1576 1108 velut
1598 1078 1702 1124 qua-

331 1139 557 1185 triduanus
588 1147 783 1182 mortuus
810 1144 935 1197 putet
957 1152 966 1177 :
1004 1149 1083 1178 nec
1118 1132 1172 1178 de
1195 1132 1268 1178 illo
1296 1144 1439 1179 tamen
1464 1133 1701 1196 desperan-

329 1210 434 1255 dum
453 1221 513 1255 est
534 1218 716 1272 propter
735 1210 825 1266 ejus
844 1205 1021 1264 gratiam
1041 1240 1050 1259 ,
1071 1204 1147 1266 qui
1173 1221 1259 1249 non
1279 1203 1393 1248 lente
1409 1203 1516 1249 dixit
1535 1241 1546 1259 ,
1574 1225 1593 1245 «
1616 1202 1701 1248 Sed

330 1297 524 1339 »magna
548 1295 652 1324 voce
675 1276 879 1322 clamavit
897 1311 907 1329 ‚
938 1276 1098 1319 Lazare
1116 1274 1212 1318 veni
1235 1273 1392 1321 forasss.
1420 1296 1439 1315 >³

393 1350 509 1396 XVI.
544 1349 662 1392 «Lex
680 1363 779 1405 ergo
802 1344 1064 1390 subintravit
1087 1355 1134 1389 ut
1154 1344 1398 1389 abundaret
1415 1344 1622 1391 delictum
1642 1384 1652 1403 ‚
1681 1368 1700 1388 ›>

328 1419 415 1464 sive
436 1435 536 1464 cum
554 1417 753 1462 homines
782 1414 1000 1473 negligunt
1029 1413 1146 1476 quod
1167 1414 1280 1458 Deus
1302 1415 1457 1472 jubet,
1490 1417 1577 1462 sive
1599 1433 1700 1462 cum

326 1487 380 1533 de
405 1488 491 1533 suis
510 1487 675 1532 viribus
695 1495 1022 1547 praesumentes,
1047 1483 1312 1541 adjutorium
1335 1485 1484 1543 gratiae
1504 1503 1591 1531 non
1612 1487 1700 1532 im-

326 1558 532 1621 plorant,
568 1567 609 1602 et
638 1555 808 1601 addunt
842 1553 1087 1598 infirmitati
1113 1554 1378 1615 superbiam.
1417 1556 1530 1601 Cum
1555 1567 1699 1602 autem

327 1628 553 1674 vocatione
577 1625 726 1671 divina
761 1623 1006 1682 intelligunt
1033 1640 1112 1668 cur
1143 1624 1195 1668 sit
1228 1624 1597 1683 ingemiscendum
1616 1665 1626 1682 ,
1659 1638 1701 1673 et

327 1700 533 1744 invocant
558 1712 655 1741 eum
683 1695 729 1739 in
749 1710 878 1757 quem
901 1703 1014 1738 recte
1037 1692 1221 1738 credunt
1237 1731 1246 1749 ‚
1284 1693 1475 1740 dicentes
1497 1733 1506 1751 ‚
1531 1718 1548 1737 «
1566 1697 1699 1742 Mise-

328 1792 348 1810 »
372 1784 506 1814 serere
543 1766 623 1811 mei
644 1800 654 1820 ‚
684 1765 798 1809 Deus
820 1800 829 1816 ‚
854 1762 1095 1808 secundum
1136 1780 1332 1822 magnam
1361 1765 1699 1811 misericordiam

329 1860 348 1880 »
369 1848 485 1883 tuam
502 1836 536 1891 4,
556 1857 575 1876 ›)
603 1846 644 1880 et
662 1871 673 1889 ,
701 1855 721 1876 c<
746 1835 836 1892 Ego
869 1832 980 1885 dixi,
1010 1833 1192 1878 Domine
1228 1833 1422 1880 miserere
1460 1837 1566 1889 mei3
1597 1854 1700 1882 sana

325 1929 345 1949 »
363 1908 550 1953 animam
579 1921 717 1949 meam
737 1941 746 1959 ‚
773 1903 877 1965 quia
901 1903 1078 1964 peceavi
1109 1903 1189 1947 tibi
1206 1904 1222 1931 5
1241 1941 1249 1955 ,
1268 1926 1286 1944 n
1311 1916 1352 1949 et
1371 1942 1382 1959 ‚
1404 1927 1424 1946 «
1445 1908 1494 1950 In
1521 1910 1699 1966 tuajus-

326 1999 346 2018 »
370 1977 461 2023 titia
495 1975 670 2021 vivifica
702 1990 770 2017 me
786 1974 803 2000 ‘⁵
825 2009 835 2027 ,
858 1993 877 2012 »
898 1982 939 2016 et
961 2009 972 2027 ,
1016 1993 1034 2012 α
1060 1972 1182 2017 Viam
1217 1973 1459 2035 iniquitatis
1499 1991 1651 2020 amove
1674 1994 1698 2021 a

323 2068 344 2089 ι)
367 2064 433 2092 me
451 2046 468 2073 ⁷
483 2083 493 2099 ‚
517 2067 536 2087 ))
560 2055 623 2095 et,
645 2065 664 2084 «
684 2047 746 2088 De
766 2042 856 2101 lege
876 2052 947 2086 tua
964 2042 1162 2086 miserere
1181 2043 1262 2087 mei
1281 2042 1315 2095 3,
1339 2064 1358 2084 n
1384 2054 1447 2101 et,
1470 2065 1490 2086 ι(
1509 2045 1607 2090 Non
1627 2061 1698 2090 ve-

324 2139 345 2159 »
369 2118 460 2162 niat
479 2114 587 2160 mihi
612 2130 686 2176 pes
709 2111 944 2174 superbiae,
971 2122 1012 2156 et
1031 2128 1181 2156 manus
1199 2123 1482 2174 peccatorum
1507 2130 1594 2159 non
1608 2131 1698 2159 mo-

325 2209 346 2229 »
372 2196 468 2232 veat
481 2201 548 2230 me
564 2185 601 2239 9,
626 2204 646 2224 »
671 2192 730 2237 et,
759 2181 954 2226 «Itinera
975 2198 1066 2226 mea
1091 2180 1227 2240 dirige
1251 2183 1489 2229 secundum
1516 2184 1698 2230 verbum

324 2279 345 2299 »
369 2267 511 2310 tuum,
530 2264 570 2299 et
583 2269 634 2297 ne
645 2251 893 2297 dominetur
912 2251 991 2295 mei
1013 2251 1151 2295 omnis
1172 2251 1442 2314 iniquitas‘ffl.
1463 2255 1492 2298 A
1510 2253 1696 2298 Domino

325 2349 345 2368 »
364 2327 478 2372 enim
503 2340 667 2384 gressus
693 2321 879 2367 hominis
903 2321 1165 2380 diriguntur,
1184 2332 1224 2366 et
1247 2323 1359 2367 viam
1378 2327 1467 2382 ejus
1486 2322 1697 2371 volet‘ss.»

372 2437 379 2456 ¹
397 2433 502 2465 Galat.
525 2444 579 2470 ιιι,
597 2443 649 2461 21.
668 2448 711 2453 —
727 2428 742 2450 ‘2
760 2429 841 2460 Ibid.
866 2441 916 2469 19.
935 2447 979 2452 —
1000 2426 1013 2450 3
1033 2430 1243 2459 cister-conse,-
1263 2431 1472 2471 mzmascrlpti
1487 2431 1612 2461 liabent
1629 2431 1696 2462 dis-

324 2492 470 2534 positum.
495 2507 533 2511 ——
554 2486 565 2509 ⁴
583 2490 676 2518 Joan.
697 2497 742 2522 xx,
765 2487 813 2515 13.
829 2502 873 2507 —
890 2482 903 2505 ⁵
918 2485 997 2516 Psai.
1019 2495 1047 2521 L,
1070 2495 1094 2516 r.
1113 2502 1158 2508 —-
1179 2480 1192 2503 ti
1210 2486 1252 2514 m.
1275 2495 1329 2525 κη,
1355 2488 1383 2515 5.
1400 2502 1444 2507 —-
1461 2483 1541 2518 ⁷1d,
1565 2496 1642 2527 xxx,
1661 2487 1693 2518 5,

321 2565 363 2570 --
384 2543 398 2566 8
420 2546 465 2576 [d.
488 2555 599 2580 cxviii,
631 2554 685 2583 ²⁴.)-
706 2559 750 2565 —
768 2539 782 2560 ⁹
810 2540 855 2571 [d.
876 2550 973 2575 xxxv,
1004 2550 1055 2570 12.
1088 2557 1131 2562 —-
1155 2537 1181 2560 ¹⁰
1213 2539 1256 2570 H.
1285 2550 1400 2580 cxx-111,
1436 2542 1509 2571 133.
1534 2557 1578 2563 —
1596 2541 1622 2563 ¹¹
1647 2541 1693 2573 [d.

325 2613 438 2639 xxxrt,
456 2602 511 2630 23.
